2652 3920
165 140 233 227 2351
436 182 438 191 .
517 139 566 208 ns
584 137 832 201 mummolus
897 170 901 183 „
933 148 938 167 ‹

167 283 437 367 concludendum,
465 305 547 368 quae
570 282 613 348 ab
636 283 796 348 omnibus,
809 281 1040 365 concedentur,
1063 281 1119 347 sed
1142 290 1182 346 et

169 373 309 457 sumitis,
331 373 450 458 quibus
474 371 642 445 concessis
652 372 757 438 nihilo
776 371 883 457 magis
901 370 1071 453 efficietur,
1094 369 1183 454 quod

166 456 468 539 ,velitisf‘Primum
491 461 577 524 enim
600 460 663 525 hoc
685 460 828 525 sumitis:
852 457 909 525 ‘Si
931 462 1021 524 sunt
1044 458 1095 541 di,
1117 457 1182 523 be·
1316 531 1317 535 Ἰ

167 548 287 615 neiici
317 550 357 615 in
387 549 564 615 homiues
591 547 700 613 sunt?
747 547 829 624 Quis
853 546 917 616 hoc
942 548 1037 614 vobis
1065 547 1181 612 dabit?

82 652 86 663 '
167 637 404 724 Epicurusne?
420 637 476 724 qui
501 641 604 723 neget
630 637 803 721 quicquum
826 636 902 705 deos
924 658 984 702 nec
1007 635 1106 701 alieni
1129 656 1208 701 cus

168 749 241 792 rere
268 748 328 793 neo
355 726 419 809 sui3
451 748 494 791 en
519 728 632 792 noster
653 725 803 791 Ennius?
818 792 821 795 ,
836 725 892 811 qui
918 745 1039 812 magno
1062 725 1182 810 plausu

167 816 314 902 loquitur
336 814 539 880 adsentiente
560 814 697 899 populo:

119 983 128 993 „
159 951 163 956 -
212 905 295 990 Ego
323 904 432 968 deum
460 923 581 988 genus
608 905 692 966 esse
720 923 871 987 semper
894 899 974 967 dixi
997 905 1036 966 et
1058 901 1182 967 dicam

171 1071 175 1075 ι
893 990 1092 1074 caelitum,

213 1079 286 1146 Sed
308 1102 374 1144 eos
396 1101 471 1144 non
489 1081 625 1144 curdus
648 1079 801 1164 opinor,
825 1077 917 1163 quid
939 1078 1181 1164 egathumc-

308 1234 312 1241 ¹
504 1187 506 1191 ’
849 1171 938 1232 ndm
962 1187 1090 1252 genus.

168 1258 214 1324 Et
242 1256 386 1342 quidem,
417 1278 474 1322 cur
501 1255 548 1321 sic
575 1254 739 1342 opinetur,
771 1255 932 1320 rationem
959 1255 1092 1338 subicit3
1125 1255 1182 1320 sed
1196 1279 1222 1317 ιο

168 1346 250 1431 nihil
279 1349 330 1410 est
352 1365 482 1410 necesse
505 1343 623 1428 dicere,
651 1366 733 1430 quse
757 1347 950 1428 sequuntur3
976 1347 1106 1409 tantum
1130 1347 1183 1408 sot

169 1440 220 1501 est
241 1434 401 1520 intellegi,
423 1432 457 1498 id
480 1454 606 1498 sumere
629 1433 711 1498 istos
734 1454 794 1516 pro
817 1436 916 1516 certo,
939 1433 1025 1517 quod
1048 1432 1182 1497 dubium

117 1507 157 1571 51
261 1543 493 1607 reversumque
526 1522 579 1586 sit.
630 1518 783 1605 Sequitur
813 1542 926 1605 porro,
957 1521 1059 1586 nihil
1091 1521 1182 1585 deos

170 1612 369 1700 ignorare,
401 1610 501 1695 quod
532 1609 661 1675 omnia
690 1609 769 1674 sint
801 1610 847 1674 ab
874 1609 925 1675 iis
953 1609 1182 1676 constituta.

169 1701 233 1766 Hic
260 1721 337 1765 vero
366 1702 490 1784 quante
511 1719 624 1783 pugne
644 1702 697 1763 est
718 1698 990 1764 doctissumorum
1012 1696 1183 1764 hominum
1197 1720 1224 1760 15

169 1789 362 1876 negantium
394 1809 465 1853 esse
497 1787 578 1852 haec
606 1809 626 1852 a
654 1786 703 1851 dis
729 1786 960 1852 inmortalibus
988 1788 1181 1853 constituto!

170 1878 217 1943 At
239 1880 355 1943 nostre
376 1876 514 1941 interest
536 1875 618 1941 scire
642 1896 688 1958 ce,
712 1895 794 1958 quae
817 1877 973 1940 eventurn
996 1879 1081 1941 sunt.
1114 1875 1183 1940 Me·

171 1987 255 2052 gnus
268 1964 461 2031 Dicaearchi
484 1964 568 2028 liber
591 1966 642 2028 est
659 1963 783 2028 nescire
802 1985 841 2028 eo
857 1963 974 2028 melius
993 1985 1064 2029 esse
1083 1985 1183 2048 quem

171 2055 261 2120 scire.
306 2051 440 2138 Negent
475 2052 509 2117 id
545 2072 616 2116 esse
652 2052 795 2117 alienum
830 2052 1002 2117 maiestate
1039 2052 1183 2118 deorum.

172 2140 302 2207 Scilicet
336 2161 430 2205 cases
463 2140 608 2206 omnium
629 2139 855 2224 introspicere,
877 2143 916 2206 ut
937 2140 1083 2225 videant,
1105 2141 1184 2226 quid
1197 2162 1224 2202 ro

121 2230 300 2314 roscuique
336 2229 504 2295 conducet.
553 2227 701 2312 ‘Neque
736 2249 812 2292 non
846 2233 1013 2313 possunt
1048 2229 1184 2296 future

171 2316 448 2405 praenoscere?
493 2316 627 2404 Negant
653 2337 750 2402 posse
777 2316 813 2400 ii,
842 2317 959 2400 quibus
985 2339 1054 2383 uon
1074 2320 1183 2404 placet

173 2428 243 2472 esse
266 2410 405 2489 certum,
433 2405 511 2491 quid
531 2405 678 2470 futurum
702 2405 754 2469 sit.
796 2403 938 2471 Videsne
960 2407 1077 2492 igitur,
1100 2426 1184 2491 quae

128 2574 130 2581 y
172 2495 272 2560 dubia
289 2494 365 2578 sint,
383 2517 422 2561 ea
439 2494 524 2559 sumi
542 2516 602 2580 pro
620 2493 718 2559 certis
736 2497 834 2578 atquc
852 2496 1035 2561 concessis?
1058 2495 1183 2560 Deinde

172 2587 388 2669 contorquent
411 2587 446 2648 et
464 2584 514 2663 ito
530 2583 738 2650 concludunt:
763 2581 864 2647 ‘Non
886 2583 1009 2668 igitur
1032 2588 1070 2649 et
1093 2588 1184 2649 sunt
1197 2604 1225 2644 rs

173 2672 211 2738 di
232 2694 302 2738 nec
324 2671 558 2758 significant
575 2669 739 2754 future'3
761 2670 795 2734 id
814 2671 900 2736 enim
917 2672 984 2737 iem
1003 2671 1183 2755 perfectum

173 2761 385 2842 arbitrentur.
430 2760 555 2826 Deinde
586 2759 774 2825 adsumunt:
811 2758 925 2825 ‘Sunt
961 2764 1105 2826 eutem⁴
1121 2761 1183 2844 di’,

174 2851 261 2935 quod
289 2851 397 2936 ipsum
425 2871 493 2915 non
519 2849 561 2914 ab
590 2848 741 2913 omnibus
764 2849 960 2914 conceditur.
1005 2847 1183 2935 ‘Signifi-

173 2942 264 3023 cant
295 2937 408 3024 ergo?
451 2935 502 3002 Ne
524 2937 557 3001 id
585 2937 715 3021 quidem
742 2937 901 3022 sequitur;
931 2941 1070 3022 possunt
1097 2938 1183 3003 enim

173 3049 240 3093 non
268 3027 451 3114 significare
473 3029 641 3091 ettamen
663 3046 734 3090 esse
756 3025 797 3089 di.
839 3024 945 3110 ‘Nec,
972 3026 1006 3091 si
1028 3025 1183 3112 signifi·
1197 3046 1224 3086 so

173 3120 276 3199 cont,
307 3137 382 3181 non
414 3116 508 3180 dont
536 3114 619 3179 vies
647 3114 801 3199 aliquus
829 3113 875 3180 ed
902 3115 1107 3180 scientiam
1134 3115 1184 3179 si·

175 3203 469 3290 gnificetionis?
514 3202 562 3266 At
588 3203 623 3267 id
650 3223 777 3287 quoque
804 3206 927 3288 potest,
958 3207 1085 3268 utnon
1106 3204 1184 3268 deut

159 3293 312 3376 ⁴-homini,
338 3292 404 3378 ipsi
429 3291 586 3374 habeant3
618 3312 675 3356 cur
701 3289 788 3355 enim
810 3290 924 3356 Tuscis
950 3291 1183 3376 potiusquam

174 3381 331 3446 Romanis
359 3380 495 3445 darent?
537 3377 644 3464 ‘Nec‚
675 3378 709 3442 si
741 3377 835 3444 dont
859 3379 956 3464 vias,
987 3380 1097 3446 nullo
1124 3384 1183 3446 est

175 3468 388 3534 divinatio?
424 3467 489 3532 Fac
512 3467 588 3532 dere
612 3467 699 3546 deos,
720 3467 807 3547 quod
826 3467 1001 3532 absurdum
1020 3472 1084 3553 est3
1106 3468 1184 3551 quid
1197 3485 1223 3527 cs
