2652 3920
190 167 254 233 172
555 168 605 222 DE
623 167 867 223 DIVINATIONE

187 313 355 397 perterriti
377 316 468 378 metu
490 312 724 379 conscendistis
743 316 781 379 et
802 316 903 378 noctu
921 312 963 379 sd
981 313 1136 399 oppidum
1154 335 1208 380 re·
1307 302 1308 355 3

189 401 362 486 spicientes
385 402 557 487 flagrantis
581 401 755 484 onerarias,
779 423 860 486 quas
883 401 1094 467 incenderant
1116 402 1208 466 mili·
1307 440 1308 461 ι

188 494 248 573 tes,
271 490 349 573 quia
371 490 463 574 sequi
485 490 666 574 noluerant,
689 489 865 575 videbatis3
887 493 1054 574 postremo
1078 490 1207 557 altho-

189 578 243 643 dia
265 578 370 643 classe
394 577 515 643 deserti
536 599 650 643 verum
672 581 782 642 vatem
803 576 905 642 fuisse
929 579 1086 643 sensistis.
1307 650 1308 653 Ἴ

137 680 170 730 ιο
255 665 402 753 Exposui
430 688 529 751 quam
555 666 746 732 breuissime
769 667 862 751 potui
885 667 1004 732 somnii
1025 671 1061 732 et
1080 667 1205 732 furoris
1234 685 1253 728 s

189 756 309 839 oracla,
332 777 415 840 quae
433 777 548 821 carere
571 758 641 820 arte
666 755 818 819 dixeram
863 753 1008 830 Quorum
1031 756 1206 821 amborum

190 864 344 946 generum
368 866 434 909 una
452 844 537 909 ratio
556 846 617 928 est,
638 865 703 927 qua
718 842 893 928 Cratippus
911 847 1024 909 noster
1041 844 1091 909 uti
1109 845 1206 929 solet,

189 933 316 997 animos
348 931 517 997 hominum
549 931 691 1015 quadam
718 953 758 997 ex
785 935 878 1016 parte
905 932 1104 998 extrinsecus
1132 954 1226 998 esse

189 1024 313 1086 tractos
342 1025 375 1085 et
399 1021 536 1086 haustos
559 1017 613 1106 (ex
636 1040 701 1105 quc
723 1020 927 1106 intellegitur
950 1041 1020 1086 esse
1044 1025 1137 1086 extra
1159 1022 1205 1086 di-

189 1108 301 1173 vinum
316 1109 470 1193 animum,
487 1109 649 1175 humanus
667 1108 752 1173 unde
766 1108 863 1173 ducat
849 1107 926 1195 tur),
944 1108 1079 1187 humaui
1093 1113 1205 1175 autem
1220 1129 1252 1168 ιο

191 1197 292 1262 animi
315 1218 387 1277 eam
410 1201 550 1282 partem,
579 1219 661 1281 quae
684 1219 828 1280 sensum,
852 1218 935 1281 quae
957 1202 1097 1283 motum,
1121 1220 1206 1282 quae

190 1285 372 1369 adpetitum
394 1285 528 1370 habeat,
555 1306 622 1350 non
643 1306 715 1351 esse
738 1286 780 1352 ab
803 1289 856 1351 act
841 1287 930 1350 tione
953 1286 1098 1372 corporis
1122 1288 1204 1352 seiu·
1307 1324 1308 1331 ι

191 1378 317 1459 gatam3
341 1396 423 1476 quae
446 1377 555 1439 autem
578 1395 656 1459 pars
679 1374 780 1440 animi
802 1374 939 1440 rationis
962 1377 1060 1458 atque
1077 1376 1205 1442 intelle·

191 1462 321 1549 gantiae
342 1462 388 1527 sit
409 1462 590 1551 particeps,
620 1484 692 1528 eam
715 1467 786 1527 tum
810 1484 959 1528 maxume
981 1464 1106 1550 vigere,
1129 1486 1204 1545 cuur

137 1565 170 1616 '11
190 1552 368 1636 plurimum
392 1551 479 1616 absit
502 1573 522 1616 a
545 1572 688 1637 corpore
728 1551 843 1636 Itaque
866 1551 1023 1637 expositis
1047 1537 1248 1638 exemplans

190 1662 341 1706 verarum
363 1640 634 1705 vaticinationum
656 1644 691 1706 et
708 1640 909 1706 somniorum
923 1637 1099 1726 Cratippus
1118 1642 1204 1707 solet
1307 1670 1308 1685 ι

189 1730 350 1795 rationem
372 1727 562 1794 concludere
584 1726 647 1794 hoc
669 1728 778 1795 modo:
803 1725 858 1793 Si
880 1727 963 1794 sine
986 1730 1111 1796 oculis
1128 1752 1203 1795 non

189 1821 322 1903 potest
357 1822 510 1882 exstare
543 1816 720 1882 officium
752 1821 791 1882 et
821 1838 957 1882 munus
989 1818 1204 1903 oc.,ulorum

189 1909 356 1992 possunt
383 1909 511 1970 autem
538 1905 748 1988 aliquando
776 1906 880 1971 oculi
901 1927 977 1972 uon
998 1905 1112 1993 fungi
1134 1928 1203 1973 suo

190 1998 360 2078 munere,
388 1994 452 2079 qui
479 1995 540 2059 vel
568 1994 687 2058 semel
714 1995 772 2058 ita
799 1997 857 2058 est
881 2015 971 2059 usus
994 1996 1133 2080 oculis,
1160 1999 1245 2061 utre

189 2104 280 2148 vera
302 2086 492 2165 cerneret,
514 2082 549 2146 is
571 2081 691 2147 habet
714 2103 866 2147 sensum
889 2083 1089 2149 oculorum
1111 2106 1203 2150 vera

190 2168 439 2238 cernentium.
485 2169 583 2236 Item
613 2170 752 2257 igitur,
782 2170 927 2250 sisino
958 2171 1202 2238 divinatione

189 2281 265 2326 non
287 2263 421 2344 potest
443 2258 621 2325 officium
636 2262 682 2324 »et
703 2280 839 2324 munus
859 2259 1119 2326 divinationis
1142 2283 1202 2327 ex·

191 2352 310 2432 stare,
346 2351 478 2434 potest
507 2351 636 2412 autem
669 2347 768 2431 quis,
804 2370 886 2413 cum
919 2347 1201 2414 divinationem

189 2437 351 2521 habeat,
387 2458 518 2502 errare
551 2435 766 2521 aliquando
801 2458 870 2502 nec
906 2458 997 2502 vera
1032 2454 1242 2521 cerneres

190 2526 289 2591 satis
313 2529 373 2590 est
391 2525 436 2590 ad
455 2524 762 2590 confirmandam
781 2524 1201 2591 divinationem'semel

190 2614 342 2699 aliquid
372 2635 457 2678 csse
487 2614 545 2677 ita
574 2613 803 2697 divinatum,
834 2617 876 2679 ut
903 2613 1006 2678 nihil
1029 2614 1201 2682 fortuito

190 2703 378 2770 cecidisse
411 2702 600 2768 videatur.
645 2699 742 2766 Sunt
774 2705 900 2766 autem
933 2702 1014 2767 eius
1044 2706 1200 2789 generis

189 2790 507 2875 innumerabilia3
539 2812 624 2855 esse
650 2790 777 2876 igitur
803 2789 1085 2856 divinationem
1109 2814 1201 2858 con·

189 2880 379 2946 fitendum
401 2879 483 2946 est.'
1213 2897 1240 2940 so

137 2947 180 3076 ἓξ)
255 2967 346 3046 Quae
372 2989 450 3034 vero
479 2970 537 3034 aut
564 2969 749 3034 coniectura
771 2967 974 3053 explicantur
997 2972 1054 3034 aut
1077 2971 1201 3035 eventis

178 3086 181 3091 ·
188 3057 417 3124 animadversa
439 3077 478 3123 ac
499 3061 616 3123 notata
638 3060 728 3141 sunt,
755 3078 794 3122 ca
816 3077 937 3143 genera
960 3057 1138 3143 divinandi,
1159 3063 1202 3124 ‘ut

191 3167 290 3232 supra
313 3145 392 3230 dixi,
414 3166 482 3211 non
503 3146 681 3230 naturalia,
704 3144 761 3210 sed
783 3145 960 3211 artificiosa
983 3145 1201 3234 dicuntur3iu

190 3255 254 3319 quo
286 3234 489 3320 haruspices,
521 3256 660 3321 augures
693 3234 955 3318 coniectoresque
981 3240 1200 3301 numerantur

189 3321 280 3387 Haec
302 3322 520 3407 inprobantur
543 3346 563 3388 a
584 3322 821 3424 Peripateticis,
844 3345 865 3386 a
886 3320 1004 3388 Stoicis
1028 3323 1199 3389 defendun-
1213 3341 1237 3382 ιι

190 3415 252 3475 tur.
285 3409 429 3486 Quorum
452 3412 519 3477 alia
542 3415 636 3476 sumt
634 3412 775 3497 posita
765 3433 801 3475 m
816 3411 1039 3476 monumentis
1058 3416 1091 3477 et
1109 3413 1200 3488 disci·

188 3498 293 3584 plina,
326 3501 412 3584 quod
438 3499 654 3565 Etruscorum
686 3499 853 3563 declarant
876 3501 914 3563 et
940 3498 1141 3584 haruspicini
1168 3506 1200 3567 et
