2652 3908
343 206 410 260 ΜΒ.
429 206 463 260 11.
488 205 564 261 car.
584 213 698 263 39-42.
722 213 736 273 s
757 212 905 261 roo-10⁷.
1088 206 1131 271 83

115 350 236 436 inquit,
259 350 458 416 carminibus
477 350 611 435 Aratiis,
635 372 717 435 quae
740 372 760 416 a
782 354 815 417 te
834 351 1007 417 admodum
1025 351 1133 416 adule-

117 439 268 504 scentulo
293 461 449 505 conversa
471 439 519 505 ita
542 461 593 504 mc
617 440 788 524 delectant,
812 440 888 525 quia
906 439 1024 505 Latina
1047 443 1132 523 sunt,

116 531 157 593 ut
189 528 295 593 multa
328 550 366 592 ex
393 528 434 592 iis
462 527 619 593 memoria
645 532 783 594 teneam.
827 527 932 614 Ergo,
962 532 1000 593 ut
1030 528 1131 594 oculis

118 616 255 681 adsidue
277 616 433 700 videmus,
457 616 525 681 sine
548 616 617 681 ulla
640 617 820 682 mutatione
843 620 900 683 aut
922 617 1081 684 uarietate

87 749 101 789 s
191 719 331 787 Cetera
354 721 541 786 labuntur
563 722 684 787 celeri
706 721 894 788 caelestia
916 727 1022 788 motu

190 807 281 874 (lum
309 811 496 895 caeloque
523 810 646 875 simul·
666 814 877 896 noctesque
892 810 1057 965 rduiquqlpe
1079 811 1133 878 fe·

1035 951 1044 986 7

121 1045 261 1108 quorum
285 1023 561 1108 contemplatione
582 1023 705 1088 nullius
724 1023 846 1109 expleri
863 1027 974 1109 potest
992 1025 1119 1091 animus
1135 1031 1184 1082 10⁵

120 1116 260 1177 naturae
284 1112 503 1177 constantiam
527 1111 636 1177 videre
658 1112 826 1197 cupientis.

190 1236 475 1321 Extremusque
494 1235 587 1301 adeo
607 1234 755 1320 duplici
773 1236 816 1301 dc
830 1236 985 1302 cardine
999 1243 1134 1305 vertex

80 1351 108 1390 ιο
192 1324 348 1389 Dicitur
371 1345 454 1389 esse
476 1324 598 1410 polus.

123 1447 220 1513 Hunc
235 1449 356 1514 circum
365 1448 486 1514 Arctoe
502 1448 583 1513 duae
596 1447 744 1513 feruntur
758 1470 935 1533 numquam
946 1450 1134 1517 occidentes.

109 1608 118 1619 ,
190 1571 245 1639 Ex
263 1573 324 1638 his
342 1572 468 1638 altera
482 1573 580 1657 apud
595 1570 732 1637 Graios
747 1568 946 1657 Cynosura
959 1579 1134 1660 vocatur,

190 1661 330 1727 Altera
352 1661 496 1727 dicitur
519 1681 603 1724 csse
624 1659 772 1745 Helice,

123 1785 215 1886 cuius
249 1785 377 1870 quidem
408 1784 607 1851 clarissimas
637 1785 751 1851 stellas
780 1785 861 1851 totis
890 1787 1040 1852 noctibus
1070 1810 1134 1854 cer·

81 1900 110 1939 15
123 1895 242 1957 mmus‚

191 1980 292 2056 Quas
315 1980 443 2046 nostri
466 1978 622 2065 Septem
642 1979 754 2045 soliti
771 1982 947 2048 vocitare
965 1980 1135 2048 Triones.

122 2105 327 2191 Paribusque
360 2104 464 2169 stellis
497 2103 648 2168 similiter
681 2103 842 2169 distinctis
875 2105 1011 2171 eundem
1040 2107 1122 2171 caeli
1138 2109 1188 2161 10⁶

122 2195 280 2261 verticem
303 2193 424 2258 lustrat
446 2215 548 2278 parua
571 2190 749 2277 Cynosura:

190 2317 273 2385 Hac
290 2317 419 2382 fidunt
441 2317 533 2383 duce
550 2320 740 2383 nocturna
757 2315 968 2384 Phoenices
987 2318 1027 2385 in
1045 2318 1136 2384 alto.

82 2428 110 2469 ao
191 2404 264 2472 sed
295 2406 404 2492 prior
434 2405 509 2470 illa
539 2404 664 2492 magis
696 2405 826 2471 stellis
860 2405 1048 2472 distincta
1079 2429 1136 2503 ref

191 2583 241 2649 Et
264 2583 345 2648 late
368 2583 492 2668 prima
515 2582 721 2649 confestim
744 2606 764 2648 a
786 2586 898 2650 nocte
919 2495 1086 2668 titttiin

190 2672 296 2737 Haeo
332 2692 422 2737 vero
454 2693 575 2757 parva
607 2676 679 2757 est,
716 2672 782 2737 sed
812 2671 943 2737 nautis
975 2693 1065 2736 usus
1097 2673 1136 2737 in

191 2848 288 2915 Nam
311 2869 424 2915 cursu
441 2847 630 2914 interiore
646 2848 756 2915 brevi
774 2760 1135 2916 convtlrtitrittbrbc.

122 2973 170 3039 Et
193 2996 256 3059 quo
281 2973 325 3038 sit
348 2994 458 3038 aarum
483 2973 652 3038 stellarum
675 2972 900 3039 admirabilior
922 2978 1081 3058 aspectus,
1146 2965 1189 3030 42

84 3099 111 3142 a
190 3079 272 3147 Has
286 3079 403 3163 inter,
421 3079 546 3145 veluti
560 3079 697 3164 rapido
712 3101 794 3145 cum
808 3078 965 3166 gurgite
979 3078 1138 3164 flumen,

191 3168 341 3236 Torvus
366 3167 491 3234 Draco
522 3168 646 3254 serpit
674 3169 809 3234 subter
838 3188 1053 3252 superaque
1080 3189 1137 3233 re·

883 3255 1046 3320 volvens

190 3344 281 3413 Sese
304 3345 596 3429 conficiensque
619 3345 727 3410 sinus
751 3366 768 3410 e
790 3364 952 3431 corpore
974 3343 1109 3410 flexos.

120 3451 205 3520 Eine
227 3475 303 3520 cum
323 3453 427 3518 totius
450 3456 501 3517 est
522 3452 690 3537 praeclara
712 3451 845 3536 species,
868 3455 933 3515 tum
953 3449 988 3515 in
1006 3449 1120 3533 primis
1137 3459 1186 3507 107

122 3541 311 3630 aspicienda
334 3545 385 3606 est
406 3540 513 3627 figura
535 3540 652 3626 capitis
675 3542 773 3624 atque
796 3537 897 3694 ardor6
904 3537 1095 3673 paulorum:
