2652 3920
364 202 432 259 LIB.
450 204 485 260 Π.
505 203 582 259 ΟΑΡ.
602 211 715 260 69-ἵῖ.
734 210 749 269 ᾖ
769 210 916 260 143-148.
1082 204 1146 267 249

139 347 258 432 spiritu
280 347 408 433 aegroti
430 348 606 432 multisque
628 369 667 412 ex
690 347 764 412 aliis
782 347 894 413 futura
911 348 1150 434 praesentiunt3

140 437 374 523 gubernatores
401 457 475 503 cum
502 436 697 501 exsultantis
725 436 891 522 lolligines
917 436 1069 501 viderunt
1091 440 1149 502 aut

140 524 311 609 delphinos
339 546 373 589 se
400 524 435 589 in
461 529 594 610 portum
622 524 829 608 conicientes,
856 529 1086 610 tempestatem
1109 525 1149 589 si·

140 613 288 699 gnificari
305 616 432 698 putant.
464 612 554 679 Haec
571 613 698 678 ratione
716 613 872 698 explicari
890 617 924 678 et
942 613 983 678 ad
996 617 1148 677 naturam

114 702 286 767 crevocari
307 701 402 767 facile
424 705 571 787 possunt,
591 723 633 767 ea
649 723 736 786 vero,
760 723 843 786 quae
860 703 960 787 paulo
978 706 1054 766 ante
1074 701 1149 785 dixi,

139 791 230 856 nullo
254 791 359 856 modo.

207 879 253 943 At
275 879 362 944 enim
384 879 570 944 observatio
592 878 746 943 diuturna
764 876 858 964 (hacc
876 878 963 943 enim
980 900 1057 963 pars
1076 900 1141 942 una
1153 841 1202 970 ,⁷4¹3

141 966 258 1053 restat)
276 967 428 1033 notandis
446 968 543 1032 rebus
560 967 638 1031 fecit
658 968 774 1032 artem.
807 966 872 1031 Ain
890 967 1042 1032 tandem?
1066 988 1149 1032 som-

140 1057 197 1121 nia
233 1056 401 1122 observari
431 1056 591 1140 possunt?
628 1078 770 1140 quonam
801 1056 920 1120 modo?
957 1058 1034 1119 sunt
1065 1055 1150 1119 enim

104 1164 128 1203 ιο
142 1145 394 1209 innumerabiles
417 1145 601 1210 rametates.
637 1143 730 1208 Nihil
753 1147 823 1208 tam
840 1146 1058 1229 praepostere,
1080 1147 1151 1208 tam

142 1234 318 1318 incondite,
343 1236 413 1297 tam
435 1238 640 1299 monstruose
663 1232 802 1319 cogitari
824 1235 948 1318 potest,
976 1231 1063 1316 quod
1084 1254 1147 1297 non

143 1322 305 1406 possimus
328 1321 504 1405 somniare3
532 1343 595 1405 quo
619 1322 715 1387 modo
738 1321 841 1406 igitur
863 1321 944 1386 haec
966 1320 1096 1385 infinita
1118 1324 1151 1384 et

144 1430 270 1496 semper
295 1431 382 1475 nova
408 1414 465 1475 aut
492 1409 648 1474 memoria
674 1409 835 1494 conplecti
862 1411 920 1473 aut
947 1408 1150 1474 observando

142 1503 258 1564 notare
280 1498 475 1584 possumus?
512 1498 683 1582 Astrologi
706 1501 814 1563 motus
838 1497 1016 1562 errantium
1039 1497 1151 1561 stella-

105 1607 130 1648 ιε
143 1611 216 1653 rum
237 1590 446 1670 notaverunt,
468 1587 619 1651 inventus
642 1589 692 1650 est
715 1586 801 1650 enim
824 1585 903 1651 ordo
923 1585 959 1648 in
977 1585 1017 1649 iis
1036 1586 1151 1669 stellis,

144 1677 201 1762 qui
226 1697 293 1741 non
318 1675 505 1760 putabatur.
546 1673 633 1740 Cedo
660 1674 805 1757 tandem,
833 1673 889 1758 qui
916 1674 960 1737 sit
988 1673 1066 1739 ordo
1094 1677 1152 1739 aut

144 1787 226 1850 quae
259 1765 462 1830 concursatio
495 1763 709 1844 somniorum,
748 1785 811 1846 quo
842 1761 937 1827 modo
968 1764 1077 1826 autem
1107 1761 1152 1826 di·

134 1854 268 1940 stingui
290 1856 430 1938 possunt
451 1874 530 1916 vera
553 1851 679 1916 somnia
701 1873 722 1916 a
743 1851 860 1916 falsis?
888 1872 961 1916 cum
984 1850 1096 1915 eadem
1119 1854 1153 1915 et

145 1944 217 2008 aliis
237 1942 333 2006 aliter
351 1940 490 2005 evadant
508 1944 541 2004 et
559 1939 662 2004 isdem
681 1962 748 2005 non
765 1961 893 2023 semper
911 1939 1022 2003 eodem
1042 1939 1154 2022 mod03

105 2050 131 2089 νο
144 2036 182 2096 ut
204 2030 285 2095 mihi
307 2030 425 2094 mirum
448 2029 605 2112 videatur,
627 2050 700 2094 cum
723 2028 869 2092 mendaci
891 2027 1016 2093 homini
1037 2050 1078 2093 ne
1101 2049 1154 2092 vc·
1183 2049 1185 2053 ’

145 2141 218 2185 rum
241 2119 371 2203 quidem
394 2118 513 2183 dicenti
535 2117 664 2182 credere
687 2117 858 2199 soleamus,
881 2138 945 2201 quo
968 2116 1064 2181 modo
1087 2116 1153 2200 isti,

146 2209 175 2273 si
197 2208 361 2274 somnium
383 2229 496 2272 verum
520 2207 624 2270 evasit
647 2205 786 2288 aliquod,
808 2226 876 2270 non
899 2227 938 2269 ex
961 2205 1075 2269 multis
1098 2227 1153 2289 po·

145 2298 211 2362 tius
238 2296 294 2361 uni
320 2295 418 2360 fidem
445 2295 603 2380 derogent
630 2316 728 2379 quam
755 2315 795 2358 ex
817 2315 881 2358 uno
904 2292 1154 2358 innumerabilia

145 2387 343 2452 confirment.

107 2491 133 2532 ’ὁ
212 2472 248 2539 Si
274 2473 377 2560 igitur
403 2493 507 2556 neque
534 2471 613 2536 deus
638 2475 689 2536 est
711 2471 844 2535 effector
866 2468 1066 2535 somniorum
1088 2490 1140 2533 ne·
1157 2484 1206 2535 147

147 2585 208 2647 que
234 2567 370 2626 naturae
398 2560 536 2626 societas
563 2560 632 2624 ulla
657 2581 732 2624 cum
759 2557 893 2624 somniis
919 2579 1024 2643 neque
1047 2558 1155 2623 obser·

148 2650 277 2716 vatione
299 2648 437 2713 inveniri
459 2648 568 2733 potuit
591 2647 735 2731 scientia,
759 2647 909 2712 effectum
924 2650 990 2731 est,
1009 2648 1050 2711 ¹ut
1071 2645 1154 2709 nihil

147 2759 280 2823 prorsus
308 2737 443 2803 somniis
470 2736 678 2801 tribuendum
705 2735 761 2818 sit,
788 2734 982 2820 praesertim
1009 2756 1082 2800 cum
1105 2734 1156 2798 illi

147 2826 219 2912 ipsi,
243 2825 300 2911 qui
322 2846 361 2890 ea
382 2825 501 2907 vident,
523 2824 606 2888 nihil
630 2824 785 2906 divinent,
807 2822 840 2907 ii,
863 2822 919 2906 qui
941 2823 1155 2909 interpretan-

107 2933 133 2972 sc
147 2920 209 3000 tur,
231 2913 450 2994 coniecturam
467 2912 653 2997 adhibeant,
671 2934 737 2978 non
753 2915 914 2995 naturam,
933 2932 1027 2977 casus
1045 2914 1155 2975 autem

146 3002 438 3070 innumerabilibus
460 3022 564 3088 paene
587 3000 724 3067 saeculis
747 3001 783 3064 in
804 3000 955 3066 omnibus
978 3000 1075 3086 plura
1097 2999 1155 3064 mi·

146 3093 265 3159 rabilia
288 3113 386 3177 quam
408 3091 443 3155 in
465 3089 666 3156 somniorum
687 3088 767 3154 visis
788 3088 938 3173 effecerit,
960 3110 1064 3174 neque
1083 3109 1156 3154 con·

145 3183 283 3266 iectura,
311 3202 393 3265 quae
420 3179 455 3245 in
478 3179 586 3243 varias
608 3178 713 3264 partis
736 3177 810 3242 duci
831 3177 951 3263 possit,
977 3199 1043 3243 non
1064 3199 1156 3242 num·

147 3292 245 3355 quam
277 3269 377 3334 etiarn
408 3268 444 3333 in
475 3267 670 3351 contrarias,
706 3267 879 3351 quicquam
916 3265 961 3331 sit
992 3266 1155 3366 incertius.
1168 3324 1209 3387 72

108 3374 133 3415 ⁸⁵
148 3359 352 3445 Explodatur
379 3359 476 3441 igilur
501 3355 582 3422 haec
609 3376 737 3440 quoque
760 3355 962 3421 somniorum
990 3352 1146 3418 divinatio
1159 3401 1209 3450 148

147 3448 271 3533 pariter
293 3469 367 3514 cum
389 3444 514 3512 ceteris.
554 3443 657 3528 Nam,
683 3447 721 3509 ut
743 3465 819 3509 vere
841 3443 1026 3527 loquamur,
1048 3463 1157 3526 super·

146 3536 237 3603 atitio
265 3535 340 3601 fusa
365 3555 425 3619 per
451 3534 559 3622 gentis
583 3534 747 3619 oppressit
771 3532 917 3598 omnium
939 3532 1007 3595 t'ere
1030 3530 1156 3595 animos
