<?xml version="1.0" encoding="UTF-8"?>
<!DOCTYPE html PUBLIC "-//W3C//DTD XHTML 1.0 Transitional//EN"
    "http://www.w3.org/TR/xhtml1/DTD/xhtml1-transitional.dtd">
<html xmlns="http://www.w3.org/1999/xhtml" xml:lang="en" lang="en">
 <head>
  <title>
</title>
<meta http-equiv="Content-Type" content="text/html;charset=utf-8" />
  <meta name='ocr-system' content='tesseract 3.04.00' />
  <meta name='ocr-capabilities' content='ocr_page ocr_carea ocr_par ocr_line ocrx_word'/>
</head>
<body>
  <div class='ocr_page' id='page_1' title='image "./mtulliiciceroni00salegoog_0300.png"; bbox 0 0 2652 3920; ppageno 0'>
   <div class='ocr_carea' id='block_1_1' title="bbox 374 186 1150 259">
    <p class='ocr_par' dir='ltr' id='par_1_1' title="bbox 374 186 1150 259">
     <span class='ocr_line' id='line_1_1' title="bbox 374 186 1150 259; baseline 0.003 -10"><span class='ocrx_word' id='word_1_1' title='bbox 374 194 442 249; x_wconf 58' lang='lat'>1215.</span> <span class='ocrx_word' id='word_1_2' title='bbox 460 186 495 250; x_wconf 82' lang='grc' dir='ltr'>ΙΙ.</span> <span class='ocrx_word' id='word_1_3' title='bbox 516 195 592 251; x_wconf 81' lang='lat' dir='ltr'>cAP.</span> <span class='ocrx_word' id='word_1_4' title='bbox 612 201 724 252; x_wconf 80' lang='grc' dir='ltr'>ιιι-ιι.</span> <span class='ocrx_word' id='word_1_5' title='bbox 744 202 759 259; x_wconf 74' lang='lat' dir='ltr'>s</span> <span class='ocrx_word' id='word_1_6' title='bbox 779 201 927 249; x_wconf 82' lang='grc' dir='ltr'>ιιι-ιιι.</span> <span class='ocrx_word' id='word_1_7' title='bbox 1086 192 1150 256; x_wconf 74' lang='grc' dir='ltr'>24ι</span> 
     </span>
    </p>
   </div>
   <div class='ocr_carea' id='block_1_2' title="bbox 65 336 1205 1926">
    <p class='ocr_par' dir='ltr' id='par_1_2' title="bbox 65 336 1205 1926">
     <span class='ocr_line' id='line_1_2' title="bbox 149 336 1153 424; baseline 0 -22"><span class='ocrx_word' id='word_1_8' title='bbox 149 361 245 424; x_wconf 88' lang='lat' dir='ltr'>quam</span> <span class='ocrx_word' id='word_1_9' title='bbox 273 339 436 404; x_wconf 76' lang='lat' dir='ltr'>constanti</span> <span class='ocrx_word' id='word_1_10' title='bbox 463 339 601 405; x_wconf 90' lang='lat' dir='ltr'>tulisset.</span> <span class='ocrx_word' id='word_1_11' title='bbox 641 336 736 404; x_wconf 89' lang='lat' dir='ltr'>Hanc</span> <span class='ocrx_word' id='word_1_12' title='bbox 762 338 857 404; x_wconf 88' lang='lat' dir='ltr'>credo</span> <span class='ocrx_word' id='word_1_13' title='bbox 880 360 1011 404; x_wconf 87' lang='lat' dir='ltr'>causam</span> <span class='ocrx_word' id='word_1_14' title='bbox 1034 337 1073 403; x_wconf 91' lang='lat' dir='ltr'>de</span> <span class='ocrx_word' id='word_1_15' title='bbox 1095 336 1153 402; x_wconf 91' lang='lat' dir='ltr'>illo</span> 
     </span>
     <span class='ocr_line' id='line_1_3' title="bbox 149 425 1205 500; baseline -0.001 -9"><span class='ocrx_word' id='word_1_16' title='bbox 149 425 331 493; x_wconf 86' lang='lat' dir='ltr'>somniandi</span> <span class='ocrx_word' id='word_1_17' title='bbox 352 427 463 493; x_wconf 85' lang='lat' dir='ltr'>fuisse.</span> <span class='ocrx_word' id='word_1_18' title='bbox 498 426 572 492; x_wconf 84' lang='lat' dir='ltr'>Tibi</span> <span class='ocrx_word' id='word_1_19' title='bbox 590 429 699 493; x_wconf 87' lang='lat' dir='ltr'>autem</span> <span class='ocrx_word' id='word_1_20' title='bbox 718 426 756 491; x_wconf 92' lang='lat' dir='ltr'>de</span> <span class='ocrx_word' id='word_1_21' title='bbox 775 448 826 495; x_wconf 89' lang='lat' dir='ltr'>me</span> <span class='ocrx_word' id='word_1_22' title='bbox 845 448 918 492; x_wconf 91' lang='lat' dir='ltr'>cum</span> <span class='ocrx_word' id='word_1_23' title='bbox 936 425 1153 493; x_wconf 86' lang='lat' dir='ltr'>sollicitudine</span> <span class='ocrx_word' id='word_1_24' title='bbox 1164 435 1205 500; x_wconf 86' lang='lat'>68</span> 
     </span>
     <span class='ocr_line' id='line_1_4' title="bbox 65 513 1155 616; baseline -0.001 -34"><span class='ocrx_word' id='word_1_25' title='bbox 65 516 70 522; x_wconf 89' lang='grc'><strong><em>’</em></strong></span> <span class='ocrx_word' id='word_1_26' title='bbox 148 515 308 616; x_wconf 74' lang='lat' dir='ltr'>cogitanti</span> <span class='ocrx_word' id='word_1_27' title='bbox 326 515 435 581; x_wconf 87' lang='lat' dir='ltr'>subito</span> <span class='ocrx_word' id='word_1_28' title='bbox 454 537 526 583; x_wconf 87' lang='lat' dir='ltr'>sum</span> <span class='ocrx_word' id='word_1_29' title='bbox 544 515 633 581; x_wconf 85' lang='lat' dir='ltr'>visus</span> <span class='ocrx_word' id='word_1_30' title='bbox 653 536 798 581; x_wconf 86' lang='lat' dir='ltr'>emersus</span> <span class='ocrx_word' id='word_1_31' title='bbox 815 535 832 579; x_wconf 91' lang='lat' dir='ltr'>e</span> <span class='ocrx_word' id='word_1_32' title='bbox 851 515 991 581; x_wconf 87' lang='lat' dir='ltr'>flumine.</span> <span class='ocrx_word' id='word_1_33' title='bbox 1019 513 1155 583; x_wconf 75' lang='lat' dir='ltr'>Inerant</span> 
     </span>
     <span class='ocr_line' id='line_1_5' title="bbox 148 602 1155 757; baseline -0.001 -89"><span class='ocrx_word' id='word_1_34' title='bbox 148 603 236 671; x_wconf 89' lang='lat' dir='ltr'>enim</span> <span class='ocrx_word' id='word_1_35' title='bbox 262 602 298 669; x_wconf 93' lang='lat' dir='ltr'>in</span> <span class='ocrx_word' id='word_1_36' title='bbox 324 604 493 757; x_wconf 80' lang='lat' dir='ltr'>utriusque</span> <span class='ocrx_word' id='word_1_37' title='bbox 519 606 669 669; x_wconf 91' lang='lat' dir='ltr'>nostrum</span> <span class='ocrx_word' id='word_1_38' title='bbox 697 603 815 668; x_wconf 88' lang='lat' dir='ltr'>animis</span> <span class='ocrx_word' id='word_1_39' title='bbox 838 603 1047 689; x_wconf 77' lang='lat' dir='ltr'>vigilantium</span> <span class='ocrx_word' id='word_1_40' title='bbox 1069 602 1155 689; x_wconf 80' lang='lat' dir='ltr'>cogi</span> 
     </span>
     <span class='ocr_line' id='line_1_6' title="bbox 121 690 1156 794; baseline 0 -37"><span class='ocrx_word' id='word_1_41' title='bbox 121 692 208 757; x_wconf 77' lang='lat' dir='ltr'>stat</span> <span class='ocrx_word' id='word_1_42' title='bbox 199 715 310 758; x_wconf 79' lang='lat' dir='ltr'>lenum</span> <span class='ocrx_word' id='word_1_43' title='bbox 329 714 384 758; x_wconf 79' lang='lat' dir='ltr'>ves</span> <span class='ocrx_word' id='word_1_44' title='bbox 386 693 477 778; x_wconf 83' lang='lat' dir='ltr'>tigia</span> <span class='ocrx_word' id='word_1_45' title='bbox 508 693 556 757; x_wconf 87' lang='lat' dir='ltr'>At</span> <span class='ocrx_word' id='word_1_46' title='bbox 574 690 732 777; x_wconf 78' lang='lat' dir='ltr'>quaedam</span> <span class='ocrx_word' id='word_1_47' title='bbox 750 691 903 759; x_wconf 85' lang='lat' dir='ltr'>adiuncta</span> <span class='ocrx_word' id='word_1_48' title='bbox 920 695 1006 794; x_wconf 69' lang='lat' dir='ltr'>sunt,</span> <span class='ocrx_word' id='word_1_49' title='bbox 1023 695 1063 756; x_wconf 90' lang='lat' dir='ltr'>ut</span> <span class='ocrx_word' id='word_1_50' title='bbox 1074 691 1156 757; x_wconf 87' lang='lat' dir='ltr'>mibi</span> 
     </span>
     <span class='ocr_line' id='line_1_7' title="bbox 149 779 1155 867; baseline 0.001 -23"><span class='ocrx_word' id='word_1_51' title='bbox 149 780 188 845; x_wconf 87' lang='lat' dir='ltr'>de</span> <span class='ocrx_word' id='word_1_52' title='bbox 215 785 423 849; x_wconf 88' lang='lat' dir='ltr'>monumento</span> <span class='ocrx_word' id='word_1_53' title='bbox 446 779 555 865; x_wconf 83' lang='lat' dir='ltr'>Marii,</span> <span class='ocrx_word' id='word_1_54' title='bbox 584 780 661 864; x_wconf 81' lang='lat' dir='ltr'>tibi,</span> <span class='ocrx_word' id='word_1_55' title='bbox 690 780 776 865; x_wconf 89' lang='lat' dir='ltr'>quod</span> <span class='ocrx_word' id='word_1_56' title='bbox 803 802 916 865; x_wconf 85' lang='lat' dir='ltr'>equus,</span> <span class='ocrx_word' id='word_1_57' title='bbox 943 780 979 847; x_wconf 88' lang='lat' dir='ltr'>in</span> <span class='ocrx_word' id='word_1_58' title='bbox 1006 802 1070 865; x_wconf 92' lang='lat' dir='ltr'>quo</span> <span class='ocrx_word' id='word_1_59' title='bbox 1093 801 1155 867; x_wconf 81' lang='lat' dir='ltr'>ego</span> 
     </span>
     <span class='ocr_line' id='line_1_8' title="bbox 148 869 1205 955; baseline -0.001 -21"><span class='ocrx_word' id='word_1_60' title='bbox 148 869 302 953; x_wconf 76' lang='lat' dir='ltr'>vehebat,</span> <span class='ocrx_word' id='word_1_61' title='bbox 329 891 455 935; x_wconf 83' lang='lat' dir='ltr'>mecum</span> <span class='ocrx_word' id='word_1_62' title='bbox 477 891 542 934; x_wconf 89' lang='lat' dir='ltr'>una</span> <span class='ocrx_word' id='word_1_63' title='bbox 564 869 728 934; x_wconf 85' lang='lat' dir='ltr'>demersus</span> <span class='ocrx_word' id='word_1_64' title='bbox 752 890 864 937; x_wconf 86' lang='lat' dir='ltr'>rursus</span> <span class='ocrx_word' id='word_1_65' title='bbox 887 869 1047 955; x_wconf 86' lang='lat' dir='ltr'>apparuit</span> <span class='ocrx_word' id='word_1_66' title='bbox 1087 869 1143 935; x_wconf 91' lang='lat' dir='ltr'>An</span> <span class='ocrx_word' id='word_1_67' title='bbox 1158 883 1205 934; x_wconf 81' lang='grc' dir='ltr'>ιιι</span> 
     </span>
     <span class='ocr_line' id='line_1_9' title="bbox 149 956 1157 1041; baseline 0.002 -20"><span class='ocrx_word' id='word_1_68' title='bbox 149 961 186 1022; x_wconf 92' lang='lat' dir='ltr'>tu</span> <span class='ocrx_word' id='word_1_69' title='bbox 215 979 326 1025; x_wconf 86' lang='lat' dir='ltr'>censes</span> <span class='ocrx_word' id='word_1_70' title='bbox 355 958 457 1023; x_wconf 89' lang='lat' dir='ltr'>ullam</span> <span class='ocrx_word' id='word_1_71' title='bbox 488 980 585 1024; x_wconf 90' lang='lat' dir='ltr'>anum</span> <span class='ocrx_word' id='word_1_72' title='bbox 617 962 686 1023; x_wconf 90' lang='lat' dir='ltr'>tam</span> <span class='ocrx_word' id='word_1_73' title='bbox 714 957 850 1025; x_wconf 87' lang='lat' dir='ltr'>deliram</span> <span class='ocrx_word' id='word_1_74' title='bbox 876 957 927 1027; x_wconf 87' lang='lat' dir='ltr'>fut</span> <span class='ocrx_word' id='word_1_75' title='bbox 927 979 1021 1025; x_wconf 85' lang='lat' dir='ltr'>uram</span> <span class='ocrx_word' id='word_1_76' title='bbox 1046 956 1157 1041; x_wconf 87' lang='lat' dir='ltr'>fuisse,</span> 
     </span>
     <span class='ocr_line' id='line_1_10' title="bbox 149 1045 1157 1130; baseline 0 -19"><span class='ocrx_word' id='word_1_77' title='bbox 149 1050 187 1111; x_wconf 92' lang='lat' dir='ltr'>ut</span> <span class='ocrx_word' id='word_1_78' title='bbox 205 1046 340 1113; x_wconf 90' lang='lat' dir='ltr'>somniis</span> <span class='ocrx_word' id='word_1_79' title='bbox 358 1047 511 1130; x_wconf 84' lang='lat' dir='ltr'>crederet,</span> <span class='ocrx_word' id='word_1_80' title='bbox 533 1046 597 1111; x_wconf 91' lang='lat' dir='ltr'>nisi</span> <span class='ocrx_word' id='word_1_81' title='bbox 614 1046 681 1115; x_wconf 84' lang='lat' dir='ltr'>ista</span> <span class='ocrx_word' id='word_1_82' title='bbox 698 1068 775 1123; x_wconf 84' lang='lat' dir='ltr'>casu</span> <span class='ocrx_word' id='word_1_83' title='bbox 791 1068 859 1111; x_wconf 91' lang='lat' dir='ltr'>non</span> <span class='ocrx_word' id='word_1_84' title='bbox 875 1068 1054 1130; x_wconf 89' lang='lat' dir='ltr'>numquam</span> <span class='ocrx_word' id='word_1_85' title='bbox 1070 1045 1157 1112; x_wconf 88' lang='lat' dir='ltr'>forte</span> 
     </span>
     <span class='ocr_line' id='line_1_11' title="bbox 110 1134 1157 1219; baseline 0 -21"><span class='ocrx_word' id='word_1_86' title='bbox 110 1139 270 1201; x_wconf 80' lang='lat' dir='ltr'>rotemero</span> <span class='ocrx_word' id='word_1_87' title='bbox 288 1135 535 1201; x_wconf 76' lang='lat' dir='ltr'>concurrerent?</span> <span class='ocrx_word' id='word_1_88' title='bbox 563 1134 748 1200; x_wconf 87' lang='lat' dir='ltr'>Alexandro</span> <span class='ocrx_word' id='word_1_89' title='bbox 768 1134 865 1201; x_wconf 86' lang='lat' dir='ltr'>draco</span> <span class='ocrx_word' id='word_1_90' title='bbox 883 1134 973 1219; x_wconf 89' lang='lat' dir='ltr'>loqui</span> <span class='ocrx_word' id='word_1_91' title='bbox 989 1134 1079 1203; x_wconf 82' lang='lat' dir='ltr'>risus</span> <span class='ocrx_word' id='word_1_92' title='bbox 1098 1137 1157 1200; x_wconf 86' lang='lat' dir='ltr'>est.</span> 
     </span>
     <span class='ocr_line' id='line_1_12' title="bbox 150 1221 1158 1307; baseline 0.001 -20"><span class='ocrx_word' id='word_1_93' title='bbox 150 1222 265 1288; x_wconf 89' lang='lat' dir='ltr'>Potest</span> <span class='ocrx_word' id='word_1_94' title='bbox 297 1223 429 1289; x_wconf 84' lang='lat' dir='ltr'>omnino</span> <span class='ocrx_word' id='word_1_95' title='bbox 456 1223 518 1287; x_wconf 90' lang='lat' dir='ltr'>hoc</span> <span class='ocrx_word' id='word_1_96' title='bbox 546 1244 617 1289; x_wconf 90' lang='lat' dir='ltr'>esse</span> <span class='ocrx_word' id='word_1_97' title='bbox 641 1222 776 1305; x_wconf 86' lang='lat' dir='ltr'>falsum,</span> <span class='ocrx_word' id='word_1_98' title='bbox 806 1226 917 1307; x_wconf 87' lang='lat' dir='ltr'>potest</span> <span class='ocrx_word' id='word_1_99' title='bbox 943 1244 1070 1307; x_wconf 80' lang='lat' dir='ltr'>verum3</span> <span class='ocrx_word' id='word_1_100' title='bbox 1101 1221 1158 1289; x_wconf 88' lang='lat' dir='ltr'>sed</span> 
     </span>
     <span class='ocr_line' id='line_1_13' title="bbox 150 1310 1157 1395; baseline -0.001 -19"><span class='ocrx_word' id='word_1_101' title='bbox 150 1315 260 1376; x_wconf 89' lang='lat' dir='ltr'>utrum</span> <span class='ocrx_word' id='word_1_102' title='bbox 290 1316 353 1395; x_wconf 85' lang='lat' dir='ltr'>est,</span> <span class='ocrx_word' id='word_1_103' title='bbox 381 1333 449 1376; x_wconf 91' lang='lat' dir='ltr'>non</span> <span class='ocrx_word' id='word_1_104' title='bbox 477 1313 528 1375; x_wconf 91' lang='lat' dir='ltr'>est</span> <span class='ocrx_word' id='word_1_105' title='bbox 555 1311 718 1394; x_wconf 79' lang='lat' dir='ltr'>mirabile3</span> <span class='ocrx_word' id='word_1_106' title='bbox 746 1332 813 1377; x_wconf 93' lang='lat' dir='ltr'>non</span> <span class='ocrx_word' id='word_1_107' title='bbox 840 1310 926 1376; x_wconf 89' lang='lat' dir='ltr'>enim</span> <span class='ocrx_word' id='word_1_108' title='bbox 954 1311 1078 1376; x_wconf 83' lang='lat' dir='ltr'>audivit</span> <span class='ocrx_word' id='word_1_109' title='bbox 1100 1311 1157 1375; x_wconf 89' lang='lat' dir='ltr'>ille</span> 
     </span>
     <span class='ocr_line' id='line_1_14' title="bbox 151 1399 1157 1485; baseline -0.001 -20"><span class='ocrx_word' id='word_1_110' title='bbox 151 1401 323 1469; x_wconf 80' lang='lat' dir='ltr'>draconem</span> <span class='ocrx_word' id='word_1_111' title='bbox 345 1399 541 1485; x_wconf 87' lang='lat' dir='ltr'>loquentem,</span> <span class='ocrx_word' id='word_1_112' title='bbox 565 1399 621 1469; x_wconf 89' lang='lat' dir='ltr'>sed</span> <span class='ocrx_word' id='word_1_113' title='bbox 644 1403 695 1463; x_wconf 85' lang='lat' dir='ltr'>est</span> <span class='ocrx_word' id='word_1_114' title='bbox 717 1399 805 1464; x_wconf 84' lang='lat' dir='ltr'>visus</span> <span class='ocrx_word' id='word_1_115' title='bbox 824 1399 943 1482; x_wconf 87' lang='lat' dir='ltr'>audire,</span> <span class='ocrx_word' id='word_1_116' title='bbox 967 1400 1157 1484; x_wconf 84' lang='lat' dir='ltr'>etquidem,</span> 
     </span>
     <span class='ocr_line' id='line_1_15' title="bbox 151 1487 1157 1573; baseline -0.003 -18"><span class='ocrx_word' id='word_1_117' title='bbox 151 1510 215 1573; x_wconf 90' lang='lat' dir='ltr'>quo</span> <span class='ocrx_word' id='word_1_118' title='bbox 237 1488 342 1555; x_wconf 86' lang='lat' dir='ltr'>maius</span> <span class='ocrx_word' id='word_1_119' title='bbox 365 1488 422 1571; x_wconf 89' lang='lat' dir='ltr'>sit,</span> <span class='ocrx_word' id='word_1_120' title='bbox 449 1510 522 1555; x_wconf 89' lang='lat' dir='ltr'>cum</span> <span class='ocrx_word' id='word_1_121' title='bbox 544 1487 685 1553; x_wconf 89' lang='lat' dir='ltr'>radicem</span> <span class='ocrx_word' id='word_1_122' title='bbox 708 1509 763 1552; x_wconf 87' lang='lat' dir='ltr'>ore</span> <span class='ocrx_word' id='word_1_123' title='bbox 785 1491 925 1571; x_wconf 86' lang='lat' dir='ltr'>teneret,</span> <span class='ocrx_word' id='word_1_124' title='bbox 948 1488 1076 1555; x_wconf 89' lang='lat' dir='ltr'>locutus</span> <span class='ocrx_word' id='word_1_125' title='bbox 1099 1491 1157 1553; x_wconf 88' lang='lat' dir='ltr'>est.</span> 
     </span>
     <span class='ocr_line' id='line_1_16' title="bbox 111 1574 1158 1663; baseline -0.001 -22"><span class='ocrx_word' id='word_1_126' title='bbox 111 1599 137 1641; x_wconf 84' lang='lat' dir='ltr'>rs</span> <span class='ocrx_word' id='word_1_127' title='bbox 151 1575 213 1642; x_wconf 86' lang='lat' dir='ltr'>Sed</span> <span class='ocrx_word' id='word_1_128' title='bbox 235 1576 318 1643; x_wconf 91' lang='lat' dir='ltr'>nihil</span> <span class='ocrx_word' id='word_1_129' title='bbox 341 1579 393 1643; x_wconf 89' lang='lat' dir='ltr'>est</span> <span class='ocrx_word' id='word_1_130' title='bbox 413 1597 570 1663; x_wconf 82' lang='lat' dir='ltr'>magnum</span> <span class='ocrx_word' id='word_1_131' title='bbox 593 1576 778 1642; x_wconf 89' lang='lat' dir='ltr'>somnianti.</span> <span class='ocrx_word' id='word_1_132' title='bbox 815 1574 941 1651; x_wconf 83' lang='lat' dir='ltr'>Quaero</span> <span class='ocrx_word' id='word_1_133' title='bbox 960 1579 1079 1660; x_wconf 87' lang='lat' dir='ltr'>autem,</span> <span class='ocrx_word' id='word_1_134' title='bbox 1101 1597 1158 1641; x_wconf 89' lang='lat' dir='ltr'>cur</span> 
     </span>
     <span class='ocr_line' id='line_1_17' title="bbox 151 1664 1158 1817; baseline 0 -87"><span class='ocrx_word' id='word_1_135' title='bbox 151 1665 438 1733; x_wconf 85' lang='lat' dir='ltr'>Alexandrotam</span> <span class='ocrx_word' id='word_1_136' title='bbox 465 1664 603 1729; x_wconf 81' lang='lat' dir='ltr'>inlustre</span> <span class='ocrx_word' id='word_1_137' title='bbox 630 1664 805 1817; x_wconf 81' lang='lat' dir='ltr'>somnium,</span> <span class='ocrx_word' id='word_1_138' title='bbox 834 1667 904 1729; x_wconf 91' lang='lat' dir='ltr'>tam</span> <span class='ocrx_word' id='word_1_139' title='bbox 931 1668 1068 1747; x_wconf 87' lang='lat' dir='ltr'>certum,</span> <span class='ocrx_word' id='word_1_140' title='bbox 1099 1686 1158 1737; x_wconf 87' lang='lat' dir='ltr'>nec</span> 
     </span>
     <span class='ocr_line' id='line_1_18' title="bbox 150 1752 1158 1853; baseline -0.001 -34"><span class='ocrx_word' id='word_1_141' title='bbox 150 1753 226 1819; x_wconf 89' lang='lat' dir='ltr'>huic</span> <span class='ocrx_word' id='word_1_142' title='bbox 244 1753 348 1818; x_wconf 89' lang='lat' dir='ltr'>eidem</span> <span class='ocrx_word' id='word_1_143' title='bbox 366 1753 458 1836; x_wconf 90' lang='lat' dir='ltr'>alias</span> <span class='ocrx_word' id='word_1_144' title='bbox 475 1774 534 1818; x_wconf 88' lang='lat' dir='ltr'>nec</span> <span class='ocrx_word' id='word_1_145' title='bbox 552 1760 657 1821; x_wconf 88' lang='lat' dir='ltr'>multa</span> <span class='ocrx_word' id='word_1_146' title='bbox 675 1757 725 1818; x_wconf 88' lang='lat' dir='ltr'>cet</span> <span class='ocrx_word' id='word_1_147' title='bbox 727 1752 804 1837; x_wconf 82' lang='lat' dir='ltr'>eris3</span> <span class='ocrx_word' id='word_1_148' title='bbox 826 1752 907 1853; x_wconf 78' lang='lat' dir='ltr'>milri</span> <span class='ocrx_word' id='word_1_149' title='bbox 926 1752 1055 1837; x_wconf 87' lang='lat' dir='ltr'>quidem</span> <span class='ocrx_word' id='word_1_150' title='bbox 1068 1775 1158 1837; x_wconf 77' lang='lat' dir='ltr'>prae·</span> 
     </span>
     <span class='ocr_line' id='line_1_19' title="bbox 150 1804 1156 1926; baseline 0 -20"><span class='ocrx_word' id='word_1_151' title='bbox 150 1848 202 1907; x_wconf 88' lang='lat' dir='ltr'>ter</span> <span class='ocrx_word' id='word_1_152' title='bbox 215 1842 278 1908; x_wconf 89' lang='lat' dir='ltr'>hoc</span> <span class='ocrx_word' id='word_1_153' title='bbox 290 1804 473 1909; x_wconf 68' lang='lat' dir='ltr'>Marianum</span> <span class='ocrx_word' id='word_1_154' title='bbox 486 1841 570 1909; x_wconf 90' lang='lat' dir='ltr'>nihil</span> <span class='ocrx_word' id='word_1_155' title='bbox 584 1863 671 1926; x_wconf 80' lang='lat' dir='ltr'>sane,</span> <span class='ocrx_word' id='word_1_156' title='bbox 685 1841 771 1926; x_wconf 88' lang='lat' dir='ltr'>quod</span> <span class='ocrx_word' id='word_1_157' title='bbox 785 1841 995 1911; x_wconf 85' lang='lat' dir='ltr'>meminerim.</span> <span class='ocrx_word' id='word_1_158' title='bbox 1022 1840 1156 1909; x_wconf 83' lang='lat' dir='ltr'>Frustra</span> 
     </span>
    </p>
   </div>
   <div class='ocr_carea' id='block_1_3' title="bbox 111 1929 1209 2193">
    <p class='ocr_par' dir='ltr' id='par_1_3' title="bbox 111 1929 1209 2193">
     <span class='ocr_line' id='line_1_20' title="bbox 284 1929 1158 2016; baseline -0.001 -20"><span class='ocrx_word' id='word_1_159' title='bbox 284 1934 495 2016; x_wconf 88' lang='lat' dir='ltr'>consumptae</span> <span class='ocrx_word' id='word_1_160' title='bbox 525 1933 578 1995; x_wconf 90' lang='lat' dir='ltr'>tot</span> <span class='ocrx_word' id='word_1_161' title='bbox 609 1933 685 1997; x_wconf 90' lang='lat' dir='ltr'>noct</span> <span class='ocrx_word' id='word_1_162' title='bbox 686 1952 720 1995; x_wconf 87' lang='lat' dir='ltr'>es</span> <span class='ocrx_word' id='word_1_163' title='bbox 751 1935 822 1995; x_wconf 84' lang='lat' dir='ltr'>tam</span> <span class='ocrx_word' id='word_1_164' title='bbox 854 1929 1016 2015; x_wconf 86' lang='lat' dir='ltr'>longam</span> <span class='ocrx_word' id='word_1_165' title='bbox 1042 1933 1158 1996; x_wconf 89' lang='lat' dir='ltr'>aetate</span> 
     </span>
     <span class='ocr_line' id='line_1_21' title="bbox 111 1931 1209 2170; baseline 0 -89"><span class='ocrx_word' id='word_1_166' title='bbox 111 2038 137 2081; x_wconf 87' lang='lat' dir='ltr'>ao</span> <span class='ocrx_word' id='word_1_167' title='bbox 150 1931 253 2085; x_wconf 47' lang='lat' dir='ltr'>libne</span> <span class='ocrx_word' id='word_1_168' title='bbox 268 2018 397 2104; x_wconf 91' lang='lat' dir='ltr'>quidem</span> <span class='ocrx_word' id='word_1_169' title='bbox 419 2021 517 2170; x_wconf 56' lang='lat' dir='ltr'>progt</span> <span class='ocrx_word' id='word_1_170' title='bbox 518 2040 553 2082; x_wconf 88' lang='lat' dir='ltr'>er</span> <span class='ocrx_word' id='word_1_171' title='bbox 574 2018 847 2084; x_wconf 82' lang='lat' dir='ltr'>intermissionem</span> <span class='ocrx_word' id='word_1_172' title='bbox 869 2017 1008 2085; x_wconf 88' lang='lat' dir='ltr'>forensis</span> <span class='ocrx_word' id='word_1_173' title='bbox 1032 2041 1149 2105; x_wconf 87' lang='lat' dir='ltr'>operae</span> <span class='ocrx_word' id='word_1_174' title='bbox 1160 2033 1209 2082; x_wconf 80' lang='grc' dir='ltr'>ιιι</span> 
     </span>
     <span class='ocr_line' id='line_1_22' title="bbox 151 2106 1159 2193; baseline 0.003 -21"><span class='ocrx_word' id='word_1_175' title='bbox 151 2111 185 2172; x_wconf 90' lang='lat' dir='ltr'>et</span> <span class='ocrx_word' id='word_1_176' title='bbox 211 2106 451 2173; x_wconf 86' lang='lat' dir='ltr'>lucubrationes</span> <span class='ocrx_word' id='word_1_177' title='bbox 496 2107 655 2173; x_wconf 83' lang='lat' dir='ltr'>etraxiet</span> <span class='ocrx_word' id='word_1_178' title='bbox 677 2107 918 2176; x_wconf 87' lang='lat' dir='ltr'>meridiationes</span> <span class='ocrx_word' id='word_1_179' title='bbox 942 2107 1064 2191; x_wconf 84' lang='lat' dir='ltr'>addidi,</span> <span class='ocrx_word' id='word_1_180' title='bbox 1091 2107 1159 2193; x_wconf 87' lang='lat' dir='ltr'>qui·</span> 
     </span>
    </p>
   </div>
   <div class='ocr_carea' id='block_1_4' title="bbox 110 2195 1211 3606">
    <p class='ocr_par' dir='ltr' id='par_1_4' title="bbox 150 2195 1159 2459">
     <span class='ocr_line' id='line_1_23' title="bbox 150 2195 1158 2279; baseline 0 -18"><span class='ocrx_word' id='word_1_181' title='bbox 150 2197 212 2262; x_wconf 85' lang='lat' dir='ltr'>bus</span> <span class='ocrx_word' id='word_1_182' title='bbox 231 2196 279 2261; x_wconf 92' lang='lat' dir='ltr'>uti</span> <span class='ocrx_word' id='word_1_183' title='bbox 298 2200 395 2261; x_wconf 88' lang='lat' dir='ltr'>antea</span> <span class='ocrx_word' id='word_1_184' title='bbox 411 2217 479 2260; x_wconf 94' lang='lat' dir='ltr'>non</span> <span class='ocrx_word' id='word_1_185' title='bbox 496 2196 651 2279; x_wconf 85' lang='lat' dir='ltr'>solebam,</span> <span class='ocrx_word' id='word_1_186' title='bbox 672 2218 732 2261; x_wconf 92' lang='lat' dir='ltr'>nec</span> <span class='ocrx_word' id='word_1_187' title='bbox 750 2199 819 2261; x_wconf 88' lang='lat' dir='ltr'>tam</span> <span class='ocrx_word' id='word_1_188' title='bbox 837 2196 977 2261; x_wconf 89' lang='lat' dir='ltr'>multum</span> <span class='ocrx_word' id='word_1_189' title='bbox 996 2195 1158 2261; x_wconf 88' lang='lat' dir='ltr'>dormiens</span> 
     </span>
     <span class='ocr_line' id='line_1_24' title="bbox 150 2283 1158 2370; baseline -0.002 -20"><span class='ocrx_word' id='word_1_190' title='bbox 150 2285 219 2350; x_wconf 89' lang='lat' dir='ltr'>ullo</span> <span class='ocrx_word' id='word_1_191' title='bbox 243 2284 369 2350; x_wconf 89' lang='lat' dir='ltr'>somnio</span> <span class='ocrx_word' id='word_1_192' title='bbox 394 2305 466 2348; x_wconf 89' lang='lat' dir='ltr'>sum</span> <span class='ocrx_word' id='word_1_193' title='bbox 488 2284 687 2368; x_wconf 84' lang='lat' dir='ltr'>admonitus,</span> <span class='ocrx_word' id='word_1_194' title='bbox 710 2284 812 2367; x_wconf 86' lang='lat' dir='ltr'>tantis</span> <span class='ocrx_word' id='word_1_195' title='bbox 834 2283 1027 2370; x_wconf 86' lang='lat' dir='ltr'>praesertim</span> <span class='ocrx_word' id='word_1_196' title='bbox 1050 2285 1089 2349; x_wconf 88' lang='lat' dir='ltr'>de</span> <span class='ocrx_word' id='word_1_197' title='bbox 1111 2306 1158 2348; x_wconf 87' lang='lat' dir='ltr'>re·</span> 
     </span>
     <span class='ocr_line' id='line_1_25' title="bbox 150 2371 1159 2459; baseline -0.002 -20"><span class='ocrx_word' id='word_1_198' title='bbox 150 2373 225 2454; x_wconf 89' lang='lat' dir='ltr'>bus,</span> <span class='ocrx_word' id='word_1_199' title='bbox 247 2394 306 2441; x_wconf 87' lang='lat' dir='ltr'>nec</span> <span class='ocrx_word' id='word_1_200' title='bbox 329 2371 411 2439; x_wconf 81' lang='lat' dir='ltr'>mihi</span> <span class='ocrx_word' id='word_1_201' title='bbox 433 2372 538 2459; x_wconf 78' lang='lat' dir='ltr'>magis</span> <span class='ocrx_word' id='word_1_202' title='bbox 560 2395 714 2457; x_wconf 90' lang='lat' dir='ltr'>umquam</span> <span class='ocrx_word' id='word_1_203' title='bbox 737 2373 861 2455; x_wconf 84' lang='lat' dir='ltr'>videor,</span> <span class='ocrx_word' id='word_1_204' title='bbox 885 2394 982 2457; x_wconf 86' lang='lat' dir='ltr'>quarn</span> <span class='ocrx_word' id='word_1_205' title='bbox 1005 2394 1079 2439; x_wconf 88' lang='lat' dir='ltr'>cum</span> <span class='ocrx_word' id='word_1_206' title='bbox 1102 2377 1159 2439; x_wconf 87' lang='lat' dir='ltr'>aut</span> 
     </span>
    </p>

    <p class='ocr_par' dir='ltr' id='par_1_5' title="bbox 112 2460 1159 2615">
     <span class='ocr_line' id='line_1_26' title="bbox 112 2460 1159 2546; baseline 0.003 -23"><span class='ocrx_word' id='word_1_207' title='bbox 112 2462 185 2526; x_wconf 83' lang='lat' dir='ltr'>asin</span> <span class='ocrx_word' id='word_1_208' title='bbox 207 2461 278 2526; x_wconf 83' lang='lat' dir='ltr'>foro</span> <span class='ocrx_word' id='word_1_209' title='bbox 301 2460 516 2546; x_wconf 80' lang='lat' dir='ltr'>magistratus</span> <span class='ocrx_word' id='word_1_210' title='bbox 539 2465 596 2528; x_wconf 91' lang='lat' dir='ltr'>aut</span> <span class='ocrx_word' id='word_1_211' title='bbox 618 2461 653 2526; x_wconf 90' lang='lat' dir='ltr'>in</span> <span class='ocrx_word' id='word_1_212' title='bbox 675 2461 764 2528; x_wconf 88' lang='lat' dir='ltr'>curia</span> <span class='ocrx_word' id='word_1_213' title='bbox 782 2465 931 2525; x_wconf 84' lang='lat' dir='ltr'>senatum</span> <span class='ocrx_word' id='word_1_214' title='bbox 949 2460 1053 2545; x_wconf 86' lang='lat' dir='ltr'>video,</span> <span class='ocrx_word' id='word_1_215' title='bbox 1076 2483 1159 2527; x_wconf 89' lang='lat' dir='ltr'>sorn-</span> 
     </span>
     <span class='ocr_line' id='line_1_27' title="bbox 151 2572 249 2615; baseline -0.031 0"><span class='ocrx_word' id='word_1_216' title='bbox 151 2572 249 2615; x_wconf 89' lang='lat' dir='ltr'>mare.</span> 
     </span>
    </p>

    <p class='ocr_par' dir='ltr' id='par_1_6' title="bbox 153 2633 1210 2898">
     <span class='ocr_line' id='line_1_28' title="bbox 218 2633 1210 2723; baseline 0.004 -22"><span class='ocrx_word' id='word_1_217' title='bbox 218 2637 350 2703; x_wconf 84' lang='lat' dir='ltr'>Etenim</span> <span class='ocrx_word' id='word_1_218' title='bbox 378 2633 431 2723; x_wconf 85' lang='lat' dir='ltr'>(ex</span> <span class='ocrx_word' id='word_1_219' title='bbox 454 2637 611 2703; x_wconf 86' lang='lat' dir='ltr'>divisione</span> <span class='ocrx_word' id='word_1_220' title='bbox 633 2637 695 2703; x_wconf 93' lang='lat' dir='ltr'>hoc</span> <span class='ocrx_word' id='word_1_221' title='bbox 718 2637 893 2705; x_wconf 87' lang='lat' dir='ltr'>secundum</span> <span class='ocrx_word' id='word_1_222' title='bbox 915 2634 980 2722; x_wconf 88' lang='lat' dir='ltr'>est)</span> <span class='ocrx_word' id='word_1_223' title='bbox 1004 2659 1086 2722; x_wconf 88' lang='lat' dir='ltr'>quae</span> <span class='ocrx_word' id='word_1_224' title='bbox 1109 2641 1159 2701; x_wconf 90' lang='lat' dir='ltr'>est</span> <span class='ocrx_word' id='word_1_225' title='bbox 1169 2640 1210 2705; x_wconf 90' lang='grc'>69</span> 
     </span>
     <span class='ocr_line' id='line_1_29' title="bbox 153 2725 1159 2810; baseline 0.001 -20"><span class='ocrx_word' id='word_1_226' title='bbox 153 2725 354 2791; x_wconf 88' lang='lat' dir='ltr'>continuatio</span> <span class='ocrx_word' id='word_1_227' title='bbox 377 2725 624 2809; x_wconf 88' lang='lat' dir='ltr'>coniunctioque</span> <span class='ocrx_word' id='word_1_228' title='bbox 646 2729 795 2807; x_wconf 86' lang='lat' dir='ltr'>naturae,</span> <span class='ocrx_word' id='word_1_229' title='bbox 820 2748 926 2810; x_wconf 91' lang='lat' dir='ltr'>quam,</span> <span class='ocrx_word' id='word_1_230' title='bbox 948 2728 986 2793; x_wconf 90' lang='lat' dir='ltr'>ut</span> <span class='ocrx_word' id='word_1_231' title='bbox 1008 2725 1082 2809; x_wconf 87' lang='lat' dir='ltr'>dixi,</span> <span class='ocrx_word' id='word_1_232' title='bbox 1106 2747 1159 2791; x_wconf 90' lang='lat' dir='ltr'>vo-</span> 
     </span>
     <span class='ocr_line' id='line_1_30' title="bbox 153 2812 1159 2898; baseline -0.001 -20"><span class='ocrx_word' id='word_1_233' title='bbox 153 2817 228 2878; x_wconf 88' lang='lat' dir='ltr'>cant</span> <span class='ocrx_word' id='word_1_234' title='bbox 248 2812 471 2896; x_wconf 81' lang='grc' dir='ltr'>συμπάθειαν,</span> <span class='ocrx_word' id='word_1_235' title='bbox 493 2814 560 2878; x_wconf 88' lang='lat' dir='ltr'>eius</span> <span class='ocrx_word' id='word_1_236' title='bbox 581 2812 677 2898; x_wconf 81' lang='lat' dir='ltr'>modi,</span> <span class='ocrx_word' id='word_1_237' title='bbox 700 2817 738 2881; x_wconf 92' lang='lat' dir='ltr'>ut</span> <span class='ocrx_word' id='word_1_238' title='bbox 759 2814 955 2879; x_wconf 86' lang='lat' dir='ltr'>thensaurus</span> <span class='ocrx_word' id='word_1_239' title='bbox 975 2834 1014 2881; x_wconf 83' lang='lat' dir='ltr'>cx</span> <span class='ocrx_word' id='word_1_240' title='bbox 1033 2835 1095 2879; x_wconf 84' lang='lat' dir='ltr'>ovo</span> <span class='ocrx_word' id='word_1_241' title='bbox 1113 2813 1159 2877; x_wconf 93' lang='lat' dir='ltr'>in·</span> 
     </span>
    </p>

    <p class='ocr_par' dir='ltr' id='par_1_7' title="bbox 110 2900 1195 3606">
     <span class='ocr_line' id='line_1_31' title="bbox 112 2900 1160 2988; baseline 0.005 -27"><span class='ocrx_word' id='word_1_242' title='bbox 112 2919 139 2961; x_wconf 88' lang='grc' dir='ltr'>ιι</span> <span class='ocrx_word' id='word_1_243' title='bbox 152 2900 266 2988; x_wconf 82' lang='lat' dir='ltr'>tellegi</span> <span class='ocrx_word' id='word_1_244' title='bbox 284 2901 421 2967; x_wconf 77' lang='lat' dir='ltr'>debeat?</span> <span class='ocrx_word' id='word_1_245' title='bbox 445 2901 530 2967; x_wconf 89' lang='lat' dir='ltr'>Nam</span> <span class='ocrx_word' id='word_1_246' title='bbox 549 2902 664 2967; x_wconf 86' lang='lat' dir='ltr'>medici</span> <span class='ocrx_word' id='word_1_247' title='bbox 682 2923 721 2967; x_wconf 86' lang='lat' dir='ltr'>ex</span> <span class='ocrx_word' id='word_1_248' title='bbox 743 2902 935 2987; x_wconf 86' lang='lat' dir='ltr'>quibusdam</span> <span class='ocrx_word' id='word_1_249' title='bbox 949 2902 1045 2967; x_wconf 88' lang='lat' dir='ltr'>rebus</span> <span class='ocrx_word' id='word_1_250' title='bbox 1060 2904 1093 2966; x_wconf 91' lang='lat' dir='ltr'>et</span> <span class='ocrx_word' id='word_1_251' title='bbox 1107 2902 1160 2967; x_wconf 89' lang='lat' dir='ltr'>ad-</span> 
     </span>
     <span class='ocr_line' id='line_1_32' title="bbox 151 2989 1160 3076; baseline 0 -20"><span class='ocrx_word' id='word_1_252' title='bbox 151 2989 312 3059; x_wconf 83' lang='lat' dir='ltr'>venientis</span> <span class='ocrx_word' id='word_1_253' title='bbox 336 2994 369 3055; x_wconf 88' lang='lat' dir='ltr'>et</span> <span class='ocrx_word' id='word_1_254' title='bbox 391 2990 563 3056; x_wconf 88' lang='lat' dir='ltr'>crescentis</span> <span class='ocrx_word' id='word_1_255' title='bbox 587 2992 719 3057; x_wconf 88' lang='lat' dir='ltr'>morbos</span> <span class='ocrx_word' id='word_1_256' title='bbox 740 2991 947 3076; x_wconf 81' lang='lat' dir='ltr'>intellegunt,</span> <span class='ocrx_word' id='word_1_257' title='bbox 968 3012 1034 3057; x_wconf 91' lang='lat' dir='ltr'>non</span> <span class='ocrx_word' id='word_1_258' title='bbox 1051 2990 1160 3056; x_wconf 83' lang='lat' dir='ltr'>nullas</span> 
     </span>
     <span class='ocr_line' id='line_1_33' title="bbox 153 3078 1161 3166; baseline 0.001 -22"><span class='ocrx_word' id='word_1_259' title='bbox 153 3079 252 3145; x_wconf 89' lang='lat' dir='ltr'>etiam</span> <span class='ocrx_word' id='word_1_260' title='bbox 274 3078 470 3144; x_wconf 83' lang='lat' dir='ltr'>valetudinis</span> <span class='ocrx_word' id='word_1_261' title='bbox 494 3079 761 3166; x_wconf 82' lang='lat' dir='ltr'>significationes,</span> <span class='ocrx_word' id='word_1_262' title='bbox 788 3082 826 3144; x_wconf 90' lang='lat' dir='ltr'>ut</span> <span class='ocrx_word' id='word_1_263' title='bbox 848 3079 910 3145; x_wconf 91' lang='lat' dir='ltr'>hoc</span> <span class='ocrx_word' id='word_1_264' title='bbox 932 3078 1048 3163; x_wconf 87' lang='lat' dir='ltr'>ipsum,</span> <span class='ocrx_word' id='word_1_265' title='bbox 1071 3079 1161 3163; x_wconf 90' lang='lat' dir='ltr'>pleni</span> 
     </span>
     <span class='ocr_line' id='line_1_34' title="bbox 152 3167 1161 3254; baseline -0.001 -20"><span class='ocrx_word' id='word_1_266' title='bbox 152 3168 296 3234; x_wconf 88' lang='lat' dir='ltr'>enectine</span> <span class='ocrx_word' id='word_1_267' title='bbox 315 3167 426 3251; x_wconf 84' lang='lat' dir='ltr'>simus,</span> <span class='ocrx_word' id='word_1_268' title='bbox 445 3189 484 3232; x_wconf 84' lang='lat' dir='ltr'>ex</span> <span class='ocrx_word' id='word_1_269' title='bbox 502 3168 641 3251; x_wconf 89' lang='lat' dir='ltr'>quodam</span> <span class='ocrx_word' id='word_1_270' title='bbox 660 3188 776 3253; x_wconf 85' lang='lat' dir='ltr'>genere</span> <span class='ocrx_word' id='word_1_271' title='bbox 794 3167 994 3235; x_wconf 84' lang='lat' dir='ltr'>somniorum</span> <span class='ocrx_word' id='word_1_272' title='bbox 1011 3167 1161 3254; x_wconf 81' lang='lat' dir='ltr'>intellegi</span> 
     </span>
     <span class='ocr_line' id='line_1_35' title="bbox 151 3255 1161 3358; baseline -0.001 -36"><span class='ocrx_word' id='word_1_273' title='bbox 151 3278 248 3358; x_wconf 81' lang='lat' dir='ltr'>posse</span> <span class='ocrx_word' id='word_1_274' title='bbox 267 3256 385 3321; x_wconf 85' lang='lat' dir='ltr'>dicunt</span> <span class='ocrx_word' id='word_1_275' title='bbox 417 3255 624 3323; x_wconf 83' lang='lat' dir='ltr'>Thensaurus</span> <span class='ocrx_word' id='word_1_276' title='bbox 643 3278 719 3322; x_wconf 78' lang='lat' dir='ltr'>vero</span> <span class='ocrx_word' id='word_1_277' title='bbox 736 3259 771 3321; x_wconf 91' lang='lat' dir='ltr'>et</span> <span class='ocrx_word' id='word_1_278' title='bbox 783 3256 947 3321; x_wconf 87' lang='lat' dir='ltr'>hereditas</span> <span class='ocrx_word' id='word_1_279' title='bbox 962 3259 996 3320; x_wconf 88' lang='lat' dir='ltr'>et</span> <span class='ocrx_word' id='word_1_280' title='bbox 1009 3255 1113 3322; x_wconf 87' lang='lat' dir='ltr'>honos</span> <span class='ocrx_word' id='word_1_281' title='bbox 1128 3261 1161 3323; x_wconf 88' lang='lat' dir='ltr'>et</span> 
     </span>
     <span class='ocr_line' id='line_1_36' title="bbox 110 3343 1160 3430; baseline 0.007 -25"><span class='ocrx_word' id='word_1_282' title='bbox 110 3361 137 3405; x_wconf 82' lang='lat' dir='ltr'>as</span> <span class='ocrx_word' id='word_1_283' title='bbox 151 3345 290 3411; x_wconf 85' lang='lat' dir='ltr'>victoria</span> <span class='ocrx_word' id='word_1_284' title='bbox 316 3348 350 3410; x_wconf 90' lang='lat' dir='ltr'>et</span> <span class='ocrx_word' id='word_1_285' title='bbox 377 3345 483 3410; x_wconf 89' lang='lat' dir='ltr'>multa</span> <span class='ocrx_word' id='word_1_286' title='bbox 511 3344 639 3430; x_wconf 84' lang='lat' dir='ltr'>generis</span> <span class='ocrx_word' id='word_1_287' title='bbox 667 3343 809 3411; x_wconf 88' lang='lat' dir='ltr'>eiusdem</span> <span class='ocrx_word' id='word_1_288' title='bbox 838 3366 902 3429; x_wconf 91' lang='lat' dir='ltr'>qua</span> <span class='ocrx_word' id='word_1_289' title='bbox 928 3367 1000 3411; x_wconf 88' lang='lat' dir='ltr'>cum</span> <span class='ocrx_word' id='word_1_290' title='bbox 1024 3344 1160 3412; x_wconf 86' lang='lat' dir='ltr'>somniis</span> 
     </span>
     <span class='ocr_line' id='line_1_37' title="bbox 149 3431 1211 3535; baseline -0.009 -35"><span class='ocrx_word' id='word_1_291' title='bbox 149 3439 208 3500; x_wconf 93' lang='lat' dir='ltr'>nat</span> <span class='ocrx_word' id='word_1_292' title='bbox 194 3433 293 3499; x_wconf 91' lang='lat' dir='ltr'>turali</span> <span class='ocrx_word' id='word_1_293' title='bbox 304 3433 542 3535; x_wconf 82' lang='lat' dir='ltr'>cognatione</span> <span class='ocrx_word' id='word_1_294' title='bbox 533 3436 672 3519; x_wconf 84' lang='lat' dir='ltr'>rungunt</span> <span class='ocrx_word' id='word_1_295' title='bbox 657 3433 733 3498; x_wconf 77' lang='lat' dir='ltr'>tur?</span> <span class='ocrx_word' id='word_1_296' title='bbox 765 3431 855 3499; x_wconf 89' lang='lat' dir='ltr'>Dicit</span> <span class='ocrx_word' id='word_1_297' title='bbox 840 3436 894 3498; x_wconf 85' lang='lat' dir='ltr'>tur</span> <span class='ocrx_word' id='word_1_298' title='bbox 912 3432 1053 3517; x_wconf 78' lang='lat' dir='ltr'>quidam,</span> <span class='ocrx_word' id='word_1_299' title='bbox 1078 3455 1150 3501; x_wconf 88' lang='lat' dir='ltr'>cum</span> <span class='ocrx_word' id='word_1_300' title='bbox 1163 3444 1211 3493; x_wconf 82' lang='grc' dir='ltr'>ιιι</span> 
     </span>
     <span class='ocr_line' id='line_1_38' title="bbox 149 3520 1160 3606; baseline -0.002 -17.876"><span class='ocrx_word' id='word_1_301' title='bbox 149 3520 331 3589; x_wconf 80' lang='lat' dir='ltr'>insomnis</span> <span class='ocrx_word' id='word_1_302' title='bbox 353 3522 524 3606; x_wconf 84' lang='lat' dir='ltr'>complexu</span> <span class='ocrx_word' id='word_1_303' title='bbox 546 3521 718 3589; x_wconf 88' lang='lat' dir='ltr'>Venerio</span> <span class='ocrx_word' id='word_1_304' title='bbox 709 3524 858 3606; x_wconf 70' lang='lat' dir='ltr'>ningeret</span> <span class='ocrx_word' id='word_1_305' title='bbox 859 3543 910 3602; x_wconf 90' lang='lat' dir='ltr'>ur,</span> <span class='ocrx_word' id='word_1_306' title='bbox 933 3520 1126 3586; x_wconf 88' lang='lat' dir='ltr'>calculos</span> <span class='ocrx_word' id='word_1_307' title='bbox 1098 3543 1160 3586; x_wconf 83' lang='lat' dir='ltr'>ere·</span> 
     </span>
    </p>
   </div>
   <div class='ocr_carea' id='block_1_5' title="bbox 0 0 1335 3920">
    <p class='ocr_par' dir='ltr' id='par_1_8' title="bbox 0 0 1335 3920">
     <span class='ocr_line' id='line_1_39' title="bbox 0 0 1335 3920; baseline 0 0"><span class='ocrx_word' id='word_1_308' title='bbox 0 0 1335 3920; x_wconf 95' lang='lat' dir='ltr'> </span> 
     </span>
    </p>
   </div>
  </div>
 </body>
</html>
