2652 3920
381 217 450 274 uls.
469 218 490 275 1.
510 216 586 275 OAP.
606 224 719 275 ιι-ιι.
738 224 754 285 a
773 224 886 274 ‘ts-ao.
1076 216 1141 283 175

129 368 229 453 taque
255 362 290 428 in
312 361 412 428 Italia
437 361 543 428 factos
570 383 655 447 esse,
681 366 720 428 ut
742 364 846 428 multa
868 362 989 449 oppida
1010 385 1141 430 conrue-

129 453 207 538 rint,
224 451 338 517 multis
357 450 437 516 locis
456 452 547 516 labes
564 450 671 517 factae
690 451 757 516 sint
774 453 945 528 terraeque
960 451 1142 518 desederint

129 540 328 625 fluminaque
362 539 398 605 in
426 539 614 605 'contrarias
649 544 761 625 partes
793 539 946 605 fluxerint
977 544 1076 624 atque
1106 543 1142 605 in

131 651 243 695 amnes
265 649 356 694 mare
377 627 551 693 influxerit.

102 736 116 777 s
197 715 297 782 Fiunt
327 719 435 782 certae
467 716 704 783 divinationum
735 716 939 788 coniecturae.
969 740 990 784 a
1018 716 1195 802 peritis36

130 806 238 872 Midae
260 804 312 870 illi
329 803 464 892 Phrygi,
487 827 561 871 cum
577 826 658 890 puer
676 808 772 890 esset,
794 805 969 871 dormienti
986 805 1142 872 formicae

130 895 166 960 in
190 893 352 959 astritici
379 914 483 980 grana
512 898 753 980 congesserunt.
798 893 1050 961 Divitissumum
1071 893 1142 959 fore

130 982 332 1069 praedictum
354 985 419 1067 est3
441 982 527 1066 quod
547 982 665 1047 evenit.
696 982 743 1048 At
755 981 889 1049 Platoni
907 1005 981 1050 cum
997 982 1142 1049 incurris

131 1072 268 1157 parvulo
286 1070 461 1137 dormienti
479 1091 557 1155 apes
570 1070 605 1135 in
618 1070 748 1136 labellis
763 1071 993 1156 consedissent,
1010 1092 1143 1156 respon·

92 1178 119 1219 ιι
133 1183 205 1225 sum
228 1163 278 1225 est
300 1159 461 1246 singulari
483 1159 578 1224 illum
601 1159 763 1225 suavitate
787 1160 945 1225 orationis
967 1159 1047 1225 fore.
1088 1158 1142 1224 Ita

131 1249 243 1314 futura
265 1248 452 1333 eloquentia
473 1247 607 1333 provisa
627 1248 664 1313 in
684 1247 809 1313 infante
830 1252 890 1315 est.
926 1247 1032 1324 Quid?
1055 1269 1143 1314 arno·
1162 1265 1195 1315 ιι

132 1358 185 1404 res
212 1360 250 1403 ac
277 1336 411 1402 deliciae
433 1341 524 1420 tuae,
551 1335 702 1420 Roscius,
727 1358 807 1402 num
829 1341 887 1403 aut
908 1336 979 1423 ipse
1002 1341 1060 1402 aut
1081 1358 1142 1421 pro

132 1447 171 1492 eo
192 1425 375 1491 Lanuvium
401 1427 510 1491 totum
536 1425 777 1491 mentiebatur?
814 1423 876 1501 Qui
904 1447 978 1491 cum
1000 1429 1087 1491 esset
1108 1425 1144 1490 in

132 1514 300 1581 cunabulis
328 1513 582 1597 educareturque
608 1514 643 1578 in
670 1510 816 1597 Solonio,
848 1514 905 1598 qui
931 1517 982 1580 est
1009 1535 1142 1599 campus

93 1622 118 1662 ιι
133 1604 206 1690 agri
227 1601 401 1686 Lanuuini,
426 1605 526 1668 noctu
553 1602 675 1667 lumine
702 1601 853 1687 apposito
877 1606 1065 1688 experrecta
1085 1624 1143 1669 nu·

132 1693 199 1758 trix
221 1690 451 1757 animadvertit
473 1712 609 1776 puerum
632 1690 845 1757 dormientem
864 1691 1143 1776 circumplicatum

133 1779 293 1866 serpentis
321 1780 481 1865 amplexu.
527 1777 597 1856 Quo
628 1781 763 1865 aspectu
790 1779 946 1845 exterrita
967 1780 1143 1846 clamorem

135 1868 277 1935 sustulit.
316 1866 416 1934 Pater
445 1872 553 1934 autem
580 1867 691 1934 Roscii
720 1867 763 1934 ad
787 1868 977 1954 haruspices
1005 1869 1143 1953 rettulit,

14 2018 16 2021 .
135 1956 191 2043 qui
216 1956 453 2042 responderunt
478 1956 562 2022 nihil
587 1957 646 2023 illo
666 1978 768 2059 puero
792 1957 925 2043 clarius,
946 1957 1031 2023 nihil
1052 1958 1143 2024 nobi·

93 2064 120 2104 ιι
134 2047 199 2112 lius
224 2044 305 2112 fore.
349 2045 459 2130 Atque
481 2045 566 2112 hanc
588 2046 728 2131 speciem
750 2045 909 2112 Pasiteles
932 2046 1072 2112 caelavit
1094 2068 1144 2112 ar·

134 2137 232 2222 gento
251 2139 285 2201 et
297 2138 410 2201 noster
424 2134 584 2219 expressit
598 2134 737 2200 Archias
751 2135 910 2201 versibus.
944 2133 1029 2212 Quid
1041 2135 1144 2222 igitur

133 2223 362 2326 expectamus?
385 2243 429 2288 an
451 2221 557 2287 dum
547 2222 860 2289 1nforonobisoum
880 2223 913 2288 di
930 2222 1143 2308 immortales,

132 2311 240 2377 dum
231 2334 266 2377 ιιι
287 2311 350 2377 viis
372 2313 552 2395 versentur,
574 2310 651 2376 dum
670 2311 779 2377 domi?
803 2313 859 2397 qui
878 2312 1036 2397 quidem
1025 2312 1091 2398 rpsi
1107 2332 1143 2379 se

131 2401 226 2467 nobis
258 2421 326 2466 non
353 2399 506 2484 offerunt,
536 2398 604 2465 ιιιιι
631 2403 741 2466 autem
768 2422 861 2466 suam
887 2401 985 2487 longe
1012 2401 1143 2503 lateque

92 2504 119 2547 as
133 2488 329 2573 diffundunt,
353 2510 451 2642 quam
472 2493 546 2553 tum
567 2492 675 2553 terrae
698 2490 844 2555 cavernis
866 2481 1049 2573 includunt,
1071 2494 1143 2554 tum

133 2577 301 2642 hominum
322 2581 381 2643 ιιιι
382 2576 449 2642 uris
471 2576 651 2662 implicant
686 2576 773 2643 Nam
795 2581 902 2644 terrae
920 2577 971 2644 vis
988 2540 1143 2662 Pythiam

134 2664 298 2749 Delphis
288 2669 368 2730 rncrt
343 2665 457 2749 ‘‚tabat
479 2669 538 2731 nat
538 2687 615 2731 urae
633 2663 802 2750 Sibyllam
839 2664 924 2742 Quid
947 2666 1054 2732 enim?
1076 2687 1143 2732 non

133 2753 289 2834 videmus,
312 2774 409 2837 quam
428 2716 495 2819 sint
512 2753 604 2819 varia
621 2757 783 2820 terrarum
802 2754 944 2842 genera?
968 2754 1143 2857 exquibus

133 2845 168 2906 et
197 2802 366 2906 mortifera
395 2842 553 2926 quaedam
579 2864 656 2927 pars
683 2846 746 2928 est,
775 2848 814 2910 ut
836 2846 869 2909 et
891 2842 1117 2928 Ampsancti
1108 2866 1143 2908 ιιι

91 2947 119 2988 so
132 2928 282 3014 Hirpinis
310 2928 379 2995 et
369 2951 405 2994 ιιι
426 2929 509 2995 Asia
529 2929 608 2996 Plut
593 2931 696 3015 tonia,
724 2954 807 3017 quae
829 2931 984 3016 vidimus,
1011 2935 1045 2997 et
1067 2936 1144 2997 sunt

132 3022 243 3104 partes
266 3038 420 3104 agrorum
444 3017 528 3084 aliae
527 2981 746 3121 pestilentes,
768 3021 852 3088 aliae
871 2981 1028 3104 salubies,
1051 3020 1143 3106 aliae,

132 3129 214 3192 quae
235 3106 359 3173 acuta
349 3105 484 3193 ingenia
502 3106 649 3193 gignant
672 3108 765 3194 aliae,
788 3131 872 3195 quae
889 3112 1037 3193 retunsa3
1060 3131 1143 3194 quae

131 3195 241 3262 omnia
262 3196 347 3261 fiunt
370 3199 404 3261 et
426 3216 466 3262 ex
487 3196 568 3261 caeli
585 3196 744 3263 varietate
762 3202 853 3265 etex
871 3197 1020 3283 disparili
1038 3197 1143 3286 adspi-

131 3284 257 3350 ratione
279 3288 451 3350 terrarum
1316 3356 1317 3377 χ

90 3388 117 3431 ιι
196 3371 306 3438 Fitt
273 3373 373 3439 etiam
395 3394 492 3458 saepe
515 3373 621 3459 specie
645 3374 793 3459 quadam,
816 3395 912 3461 saepe
935 3397 1050 3441 vocum
1070 3395 1143 3461 gra·
1161 3386 1196 3437 so
1316 3380 1317 3399 ¹

130 3461 233 3527 vitate
267 3464 300 3527 et
331 3462 482 3528 cantibus
512 3465 551 3527 ut
581 3463 747 3548 pellantur
778 3463 878 3529 animi
909 3463 1142 3548 vehementius,

131 3571 227 3636 saepe
251 3549 350 3616 etiam
374 3573 451 3618 cura
473 3553 508 3617 et
530 3551 657 3636 timore,
681 3550 787 3637 qualis
811 3554 862 3616 est
883 3551 943 3617 illa
