2652 3908
190 193 234 259 88
470 272 472 277 ⁴
519 190 568 245 nn
587 190 738 246 1111111
757 190 911 247 ononun

234 337 377 403 Rostro
392 335 537 421 tundit,
552 338 590 400 11
602 334 848 402 hicGeminis
862 342 922 403 est
935 339 1005 404 ille
1019 340 1090 406 sub
1104 340 1208 428 ipsis

235 425 335 490 Ante
372 422 526 509 Canem,
561 420 756 510 Προκύων
793 423 910 493 Graio
948 427 1207 584 qddriluormine
1311 432 1312 439 ’

140 672 190 722 115
203 654 294 722 Haec
317 654 423 721 omnis
445 654 614 741 discriptio
638 654 781 721 siderum
802 658 901 740 atque
919 655 973 724 hic
989 661 1104 724 tantus
1123 660 1208 725 caeli

191 748 325 811 ornatus
358 765 397 809 ex
429 744 619 829 corporibus
650 743 714 810 huc
746 748 780 810 11
810 744 889 810 illuc
916 765 994 812 casu
1020 750 1054 812 et
1081 750 1207 814 temere
1311 752 1312 813 l

190 833 397 899 cursantibus
415 832 562 918 potuisse
581 831 665 899 effici
683 831 834 918 cuiquam
852 854 933 900 sano
951 834 1054 900 videri
1068 837 1206 922 potest?
1230 853 1243 894 ⁵
1311 854 1312 939 l

190 926 249 988 aut
275 942 352 987 vero
381 920 448 987 alia
475 942 557 1006 quae
582 924 702 987 natura
729 922 848 987 mentis
870 925 905 988 11
927 923 1065 989 rationis
1088 945 1207 1010 expers
1311 944 1312 1011 1

189 1010 270 1077 haec
288 1009 415 1076 efficere
432 1008 563 1096 potuit?
586 1031 669 1096 quae
687 1030 755 1075 non
771 1010 867 1076 modo
886 1014 924 1076 ut
941 1011 1057 1077 fierent
1076 1013 1207 1078 ratione
1311 1062 1312 1091 p

192 1101 360 1186 eguerunt,
380 1098 441 1164 'sed
456 1097 608 1186 intellegi
626 1098 738 1184 qualia
756 1096 824 1164 sint
841 1098 912 1165 sine
929 1120 1057 1166 summa
1075 1101 1206 1166 ratione
1311 1094 1312 1117 ¹

190 1209 256 1252 non
278 1190 425 1273 possunt.
886 1190 897 1197 ”
1007 1187 1010 1193 ’

137 1315 180 1382 45
256 1309 325 1378 Nec
347 1333 424 1378 vero
446 1311 528 1377 haec
546 1311 653 1377 solum
672 1310 887 1397 admirabilia,
910 1311 966 1378 sed
985 1312 1068 1378 nihil
1088 1314 1206 1399 maius,
1219 1332 1246 1373 ιο

191 1422 289 1485 quam
313 1400 399 1484 quod
420 1399 470 1465 ita
492 1400 621 1465 stabilis
642 1404 692 1466 est
710 1401 848 1466 mundus
867 1404 966 1486 atque
984 1401 1033 1467 ita
1050 1401 1207 1468 cohaeret

190 1488 231 1554 ad
253 1489 519 1575 permanendum,
546 1493 584 1554 ut
606 1488 689 1554 nihil
711 1510 752 1554 ne
775 1489 954 1576 excogitari
977 1490 1107 1575 quidem
1130 1513 1207 1577 pos·

190 1577 235 1643 sit
258 1577 377 1664 aptius.
416 1575 537 1644 Omnes
560 1577 647 1643 enim
668 1581 780 1663 partes
804 1577 872 1644 eius
895 1577 1037 1663 undique
1060 1578 1206 1646 medium

189 1667 296 1733 locum
319 1670 524 1755 capessentes
542 1665 692 1731 nituntur
711 1666 899 1751 aequaliter.
930 1664 1072 1733 Maxime
1091 1672 1205 1734 autem

189 1777 327 1840 corpora
354 1755 439 1819 inter
466 1775 502 1821 se
528 1753 639 1831 iuncta
665 1758 870 1840 permanent,
902 1777 976 1821 cum
1003 1757 1097 1841 quasi
1125 1779 1205 1843 qao
1219 1774 1247 1816 1⁵

190 1844 265 1908 dam
297 1842 426 1909 vinculo
458 1843 656 1910 circumdato
689 1842 900 1930 colligantur3
932 1844 1019 1928 qnod
1049 1843 1130 1910 facit
1161 1867 1204 1911 ea

188 1935 315 2015 natura,
348 1952 431 2016 quae
462 1953 521 2017 per
552 1952 681 1997 omnem
712 1931 868 1997 mundum
895 1932 1006 1998 omnia
1032 1937 1140 1999 mente
1169 1938 1205 1999 11

189 2021 316 2085 ratione
339 2018 510 2085 conficiens
533 2018 680 2085 funditur
698 2023 732 2086 et
750 2020 792 2085 ad
809 2020 951 2086 medium
969 2020 1058 2107 rapit
1076 2025 1110 2088 11
1128 2043 1203 2089 con-

140 2124 188 2173 111
202 2108 302 2172 vertit
325 2111 478 2174 extrema.
516 2104 682 2193 Quocirca,
705 2107 734 2173 si
756 2108 894 2174 mundns
914 2109 1070 2196 globosus
1089 2114 1140 2176 111
1158 2113 1204 2177 ob
1311 2116 1312 2181 l

189 2218 324 2281 eamque
348 2217 479 2262 causam
502 2218 614 2263 omnes
637 2196 705 2262 eius
723 2200 835 2283 partes
853 2196 994 2282 undique
1013 2199 1203 2283 aequabiles
1218 2219 1248 2259 ro
1311 2188 1312 2271 l

188 2285 279 2438 11
298 2288 562 2441 carnin
581 2374 971 2441 n
1012 2289 1203 2442 1111

189 2462 330 2527 medium
362 2463 573 2551 vergentibus
606 2422 653 2549 (id
685 2465 794 2528 autem
822 2463 964 2530 medium
990 2399 1140 2530 iirfimum
1166 2466 1204 2531 in

189 2549 328 2636 sphaera
350 2549 416 2637 est)
438 2551 521 2617 nibil
544 2551 770 2637 interrumpat,
793 2573 857 2637 quo
880 2552 1072 2619 labefactari
1094 2554 1204 2639 possit

188 2642 282 2704 tanta
311 2639 477 2706 contentio
507 2639 681 2727 gravitatis
711 2642 746 2705 11
772 2640 961 2726 ponderum
1011 2640 1203 2728 Eademque
1217 2661 1248 2702 aa

188 2729 315 2793 ratione
342 2749 445 2813 mare,
474 2749 548 2795 cum
570 2749 670 2813 supra
691 2731 814 2794 terram
837 2729 895 2814 sit,
924 2728 1067 2796 medium
1089 2734 1200 2797 tamen

189 2820 296 2882 terrae
323 2816 432 2882 locum
459 2819 612 2902 expetens
638 2817 856 2903 conglobatur
882 2818 1024 2904 undique
1047 2820 1202 2905 aequabi-
1311 2822 1312 2895 J

139 2906 278 2970 11111111
300 2926 404 2990 neque
427 2904 586 2970 redundat
603 2927 757 2989 umquam
775 2927 880 2991 neque
899 2906 1082 2973 effimditur.
1113 2907 1202 2974 Huic
1311 2962 1312 2987 1

188 2998 298 3059 autem
328 2993 496 3058 continens
527 2998 583 3059 111
610 2992 714 3060 fertur
735 2993 793 3060 ille
816 2995 946 3081 quidem
969 2995 1104 3062 levitate
1126 2998 1202 3063 sub
1311 3012 1312 3061 ῑ

187 3082 273 3166 lime,
292 3081 349 3146 sed
367 3085 478 3147 tamen
495 3080 530 3147 in
548 3103 660 3148 omnes
678 3086 789 3168 partes
807 3103 843 3149 se
858 3083 928 3169 ipse
942 3084 1063 3170 fundit3
1085 3085 1201 3171 itaque
1214 3104 1247 3145 ⁸⁰
1311 3144 1312 3159 ,

187 3174 221 3235 11
243 3169 326 3234 mari
350 3169 558 3235 continuatus
579 3174 612 3236 et
630 3170 759 3236 iunctus
778 3174 829 3237 est
847 3176 881 3237 11
897 3176 1016 3238 natura
1032 3172 1140 3239 fertur
1158 3174 1202 3240 ad

187 3258 322 3342 caelum,
340 3258 430 3324 cuius
449 3259 609 3325 tenuitate
628 3263 662 3325 et
677 3259 785 3325 calore
799 3263 998 3346 temperatus
1012 3261 1148 3328 vitalem
1165 3267 1202 3328 et

187 3346 365 3411 salutarem
388 3346 539 3432 spiritum
562 3348 698 3433 praebet
720 3348 949 3415 animantibus.
988 3348 1092 3427 Quem
1113 3373 1200 3417 com·

185 3433 282 3519 plexa
296 3455 423 3501 summa
440 3457 518 3521 pars
537 3435 628 3522 caeli,
647 3456 730 3522 qnae
748 3436 894 3503 aetheria
912 3438 1038 3524 dicitur,
1056 3441 1090 3504 et
1103 3460 1198 3505 sunm

185 3521 305 3587 retinet
324 3522 473 3589 ardorem
491 3527 622 3591 tenuem
641 3528 675 3589 11
692 3524 785 3590 nulla
798 3525 997 3593 admixtione
1011 3530 1197 3593 concretum
1214 3546 1244 3586 ³⁵
