<?xml version="1.0" encoding="UTF-8"?>
<!DOCTYPE html PUBLIC "-//W3C//DTD XHTML 1.0 Transitional//EN"
    "http://www.w3.org/TR/xhtml1/DTD/xhtml1-transitional.dtd">
<html xmlns="http://www.w3.org/1999/xhtml" xml:lang="en" lang="en">
 <head>
  <title>
</title>
<meta http-equiv="Content-Type" content="text/html;charset=utf-8" />
  <meta name='ocr-system' content='tesseract 3.04.00' />
  <meta name='ocr-capabilities' content='ocr_page ocr_carea ocr_par ocr_line ocrx_word'/>
</head>
<body>
  <div class='ocr_page' id='page_1' title='image "./mtulliiciceroni00salegoog_0089.png"; bbox 0 0 2630 3904; ppageno 0'>
   <div class='ocr_carea' id='block_1_1' title="bbox 183 178 885 247">
    <p class='ocr_par' dir='ltr' id='par_1_1' title="bbox 183 60 1299 257">
     <span class='ocr_line' id='line_1_1' title="bbox 183 178 885 247; baseline 0.005 -17"><span class='ocrx_word' id='word_1_1' title='bbox 183 183 226 247; x_wconf 82' lang='lat'><strong>36</strong></span> <span class='ocrx_word' id='word_1_2' title='bbox 492 178 542 233; x_wconf 83' lang='lat' dir='ltr'><strong>us</strong></span> <span class='ocrx_word' id='word_1_3' title='bbox 560 178 885 234; x_wconf 78' lang='lat' dir='ltr'><strong>narumnsoaun</strong></span> 
     </span>
    </p>
   </div>
   <div class='ocr_carea' id='block_1_2' title="bbox 131 320 1301 1468">
    <p class='ocr_par' dir='ltr' id='par_1_2' title="bbox 183 320 1299 587">
     <span class='ocr_line' id='line_1_2' title="bbox 183 320 1200 410; baseline -0.005 -19"><span class='ocrx_word' id='word_1_4' title='bbox 183 333 261 392; x_wconf 83' lang='lat' dir='ltr'><strong>item</strong></span> <span class='ocrx_word' id='word_1_5' title='bbox 280 325 447 410; x_wconf 75' lang='lat' dir='ltr'><strong>corporis?</strong></span> <span class='ocrx_word' id='word_1_6' title='bbox 479 323 546 390; x_wconf 82' lang='lat' dir='ltr'><strong>Cur</strong></span> <span class='ocrx_word' id='word_1_7' title='bbox 562 324 674 410; x_wconf 85' lang='lat' dir='ltr'><strong>igitur,</strong></span> <span class='ocrx_word' id='word_1_8' title='bbox 692 345 766 389; x_wconf 89' lang='lat' dir='ltr'><strong>cum</strong></span> <span class='ocrx_word' id='word_1_9' title='bbox 780 323 896 389; x_wconf 89' lang='lat' dir='ltr'><strong>ceteris</strong></span> <span class='ocrx_word' id='word_1_10' title='bbox 909 323 1007 388; x_wconf 89' lang='lat' dir='ltr'><strong>rebus</strong></span> <span class='ocrx_word' id='word_1_11' title='bbox 1021 320 1200 387; x_wconf 84' lang='lat' dir='ltr'><strong>inferiores</strong></span> 
     </span>
     <span class='ocr_line' id='line_1_3' title="bbox 183 411 1199 498; baseline -0.007 -18"><span class='ocrx_word' id='word_1_12' title='bbox 183 415 298 498; x_wconf 88' lang='lat' dir='ltr'><strong>simus,</strong></span> <span class='ocrx_word' id='word_1_13' title='bbox 329 413 436 480; x_wconf 88' lang='lat' dir='ltr'><strong>forma</strong></span> <span class='ocrx_word' id='word_1_14' title='bbox 467 433 563 498; x_wconf 87' lang='lat' dir='ltr'><strong>pares</strong></span> <span class='ocrx_word' id='word_1_15' title='bbox 593 412 726 476; x_wconf 78' lang='lat' dir='ltr'><strong>sumus?</strong></span> <span class='ocrx_word' id='word_1_16' title='bbox 763 412 804 477; x_wconf 90' lang='lat' dir='ltr'><strong>ad</strong></span> <span class='ocrx_word' id='word_1_17' title='bbox 831 411 1077 476; x_wconf 90' lang='lat' dir='ltr'><strong>similitudinem</strong></span> <span class='ocrx_word' id='word_1_18' title='bbox 1105 412 1199 475; x_wconf 90' lang='lat' dir='ltr'>enim·</span> 
     </span>
     <span class='ocr_line' id='line_1_4' title="bbox 184 499 1201 587; baseline -0.005 -19"><span class='ocrx_word' id='word_1_19' title='bbox 184 504 317 568; x_wconf 91' lang='lat' dir='ltr'><strong>deorum</strong></span> <span class='ocrx_word' id='word_1_20' title='bbox 334 502 468 587; x_wconf 89' lang='lat' dir='ltr'><strong>propius</strong></span> <span class='ocrx_word' id='word_1_21' title='bbox 488 499 660 566; x_wconf 87' lang='lat' dir='ltr'><strong>accedebat</strong></span> <span class='ocrx_word' id='word_1_22' title='bbox 677 499 821 583; x_wconf 85' lang='lat' dir='ltr'><strong>humana</strong></span> <span class='ocrx_word' id='word_1_23' title='bbox 838 500 943 565; x_wconf 81' lang='lat' dir='ltr'><strong>virtus</strong></span> <span class='ocrx_word' id='word_1_24' title='bbox 963 521 1061 584; x_wconf 80' lang='lat' dir='ltr'>quam</span> <span class='ocrx_word' id='word_1_25' title='bbox 1076 499 1201 585; x_wconf 81' lang='lat' dir='ltr'><strong>figura.</strong></span> 
     </span>
    </p>

    <p class='ocr_par' dir='ltr' id='par_1_3' title="bbox 131 555 1301 1468">
     <span class='ocr_line' id='line_1_5' title="bbox 131 555 1201 681; baseline -0.006 -24"><span class='ocrx_word' id='word_1_26' title='bbox 131 555 173 681; x_wconf 72' lang='lat'><strong>9375</strong></span> <span class='ocrx_word' id='word_1_27' title='bbox 184 593 237 656; x_wconf 83' lang='lat' dir='ltr'><strong>An</strong></span> <span class='ocrx_word' id='word_1_28' title='bbox 259 590 432 677; x_wconf 86' lang='lat' dir='ltr'><strong>quicquam</strong></span> <span class='ocrx_word' id='word_1_29' title='bbox 454 593 524 654; x_wconf 85' lang='lat' dir='ltr'><strong>tam</strong></span> <span class='ocrx_word' id='word_1_30' title='bbox 546 588 670 673; x_wconf 82' lang='lat' dir='ltr'>puerile</span> <span class='ocrx_word' id='word_1_31' title='bbox 693 588 755 654; x_wconf 89' lang='lat' dir='ltr'><strong>dici</strong></span> <span class='ocrx_word' id='word_1_32' title='bbox 778 591 887 675; x_wconf 89' lang='lat' dir='ltr'><strong>potest</strong></span> <span class='ocrx_word' id='word_1_33' title='bbox 913 584 965 673; x_wconf 89' lang='lat' dir='ltr'><strong>(ut</strong></span> <span class='ocrx_word' id='word_1_34' title='bbox 987 586 1124 652; x_wconf 90' lang='lat' dir='ltr'><strong>eundem</strong></span> <span class='ocrx_word' id='word_1_35' title='bbox 1150 588 1201 651; x_wconf 93' lang='lat' dir='ltr'><strong>lo·</strong></span> 
     </span>
     <span class='ocr_line' id='line_1_6' title="bbox 183 676 1241 764; baseline -0.009 -18"><span class='ocrx_word' id='word_1_36' title='bbox 183 702 256 746; x_wconf 91' lang='lat' dir='ltr'><strong>cum</strong></span> <span class='ocrx_word' id='word_1_37' title='bbox 289 679 410 744; x_wconf 88' lang='lat' dir='ltr'><strong>diutius</strong></span> <span class='ocrx_word' id='word_1_38' title='bbox 439 699 603 764; x_wconf 83' lang='lat' dir='ltr'>urgeam,</span> <span class='ocrx_word' id='word_1_39' title='bbox 635 699 733 760; x_wconf 91' lang='lat' dir='ltr'><strong>quam</strong></span> <span class='ocrx_word' id='word_1_40' title='bbox 756 677 785 741; x_wconf 90' lang='lat' dir='ltr'><strong>si</strong></span> <span class='ocrx_word' id='word_1_41' title='bbox 807 698 846 741; x_wconf 87' lang='lat' dir='ltr'><strong>ea</strong></span> <span class='ocrx_word' id='word_1_42' title='bbox 869 696 988 763; x_wconf 84' lang='lat' dir='ltr'><strong>genera</strong></span> <span class='ocrx_word' id='word_1_43' title='bbox 1012 676 1201 760; x_wconf 87' lang='lat' dir='ltr'><strong>beluarum,</strong></span> <span class='ocrx_word' id='word_1_44' title='bbox 1229 696 1241 737; x_wconf 83' lang='lat' dir='ltr'><strong>s</strong></span> 
     </span>
     <span class='ocr_line' id='line_1_7' title="bbox 184 764 1201 854; baseline -0.006 -20"><span class='ocrx_word' id='word_1_45' title='bbox 184 789 265 854; x_wconf 90' lang='lat' dir='ltr'><strong>quae</strong></span> <span class='ocrx_word' id='word_1_46' title='bbox 288 768 323 832; x_wconf 90' lang='lat' dir='ltr'><strong>in</strong></span> <span class='ocrx_word' id='word_1_47' title='bbox 345 767 444 832; x_wconf 89' lang='lat' dir='ltr'><strong>rubro</strong></span> <span class='ocrx_word' id='word_1_48' title='bbox 467 765 551 831; x_wconf 88' lang='lat' dir='ltr'><strong>mari</strong></span> <span class='ocrx_word' id='word_1_49' title='bbox 614 765 706 830; x_wconf 84' lang='lat' dir='ltr'><strong>diare</strong></span> <span class='ocrx_word' id='word_1_50' title='bbox 730 765 917 851; x_wconf 78' lang='lat' dir='ltr'>gignantur,</span> <span class='ocrx_word' id='word_1_51' title='bbox 939 764 1032 830; x_wconf 81' lang='lat' dir='ltr'><strong>nulle</strong></span> <span class='ocrx_word' id='word_1_52' title='bbox 1054 786 1125 830; x_wconf 91' lang='lat' dir='ltr'><strong>esse</strong></span> <span class='ocrx_word' id='word_1_53' title='bbox 1151 764 1201 829; x_wconf 93' lang='lat' dir='ltr'><strong>di-</strong></span> 
     </span>
     <span class='ocr_line' id='line_1_8' title="bbox 184 853 1300 939; baseline -0.004 -17"><span class='ocrx_word' id='word_1_54' title='bbox 184 856 316 923; x_wconf 78' lang='lat' dir='ltr'><strong>camus?</strong></span> <span class='ocrx_word' id='word_1_55' title='bbox 361 854 465 939; x_wconf 85' lang='lat' dir='ltr'><strong>Atqui</strong></span> <span class='ocrx_word' id='word_1_56' title='bbox 495 876 536 919; x_wconf 89' lang='lat' dir='ltr'><strong>ne</strong></span> <span class='ocrx_word' id='word_1_57' title='bbox 568 853 780 920; x_wconf 80' lang='lat' dir='ltr'><strong>curiosissimi</strong></span> <span class='ocrx_word' id='word_1_58' title='bbox 810 853 939 938; x_wconf 90' lang='lat' dir='ltr'><strong>quidem</strong></span> <span class='ocrx_word' id='word_1_59' title='bbox 966 853 1114 919; x_wconf 89' lang='lat' dir='ltr'><strong>homines</strong></span> <span class='ocrx_word' id='word_1_60' title='bbox 1144 875 1201 918; x_wconf 86' lang='lat' dir='ltr'><strong>ex·</strong></span> <span class='ocrx_word' id='word_1_61' title='bbox 1299 904 1300 911; x_wconf 15' lang='grc' dir='ltr'><strong>κ</strong></span> 
     </span>
     <span class='ocr_line' id='line_1_9' title="bbox 184 942 1201 1031; baseline -0.004 -21"><span class='ocrx_word' id='word_1_62' title='bbox 184 943 340 1031; x_wconf 88' lang='lat' dir='ltr'><strong>quirendo</strong></span> <span class='ocrx_word' id='word_1_63' title='bbox 359 942 469 1009; x_wconf 87' lang='lat' dir='ltr'><strong>audire</strong></span> <span class='ocrx_word' id='word_1_64' title='bbox 488 946 558 1007; x_wconf 87' lang='lat' dir='ltr'><strong>tam</strong></span> <span class='ocrx_word' id='word_1_65' title='bbox 575 943 681 1007; x_wconf 86' lang='lat' dir='ltr'><strong>multa</strong></span> <span class='ocrx_word' id='word_1_66' title='bbox 698 945 844 1027; x_wconf 88' lang='lat' dir='ltr'><strong>possunt,</strong></span> <span class='ocrx_word' id='word_1_67' title='bbox 867 964 966 1026; x_wconf 89' lang='lat' dir='ltr'><strong>quam</strong></span> <span class='ocrx_word' id='word_1_68' title='bbox 984 946 1062 1007; x_wconf 85' lang='lat' dir='ltr'><strong>sunt</strong></span> <span class='ocrx_word' id='word_1_69' title='bbox 1077 943 1201 1027; x_wconf 84' lang='lat' dir='ltr'><strong>multa,</strong></span> 
     </span>
     <span class='ocr_line' id='line_1_10' title="bbox 184 1030 1200 1118; baseline -0.003 -19"><span class='ocrx_word' id='word_1_70' title='bbox 184 1054 267 1118; x_wconf 91' lang='lat' dir='ltr'><strong>quae</strong></span> <span class='ocrx_word' id='word_1_71' title='bbox 283 1035 381 1116; x_wconf 84' lang='lat' dir='ltr'><strong>terra,</strong></span> <span class='ocrx_word' id='word_1_72' title='bbox 399 1032 492 1116; x_wconf 81' lang='lat' dir='ltr'><strong>mari,</strong></span> <span class='ocrx_word' id='word_1_73' title='bbox 509 1030 693 1116; x_wconf 82' lang='lat' dir='ltr'><strong>paludibus,</strong></span> <span class='ocrx_word' id='word_1_74' title='bbox 710 1030 898 1094; x_wconf 87' lang='lat' dir='ltr'><strong>fluminibus</strong></span> <span class='ocrx_word' id='word_1_75' title='bbox 917 1030 1092 1115; x_wconf 74' lang='lat' dir='ltr'><strong>exsistunt,</strong></span> <span class='ocrx_word' id='word_1_76' title='bbox 1111 1053 1200 1115; x_wconf 83' lang='lat' dir='ltr'><strong>quae</strong></span> 
     </span>
     <span class='ocr_line' id='line_1_11' title="bbox 183 1117 1241 1208; baseline -0.007 -22"><span class='ocrx_word' id='word_1_77' title='bbox 183 1142 339 1208; x_wconf 79' lang='lat' dir='ltr'>negemus</span> <span class='ocrx_word' id='word_1_78' title='bbox 372 1142 455 1204; x_wconf 90' lang='lat' dir='ltr'><strong>esse,</strong></span> <span class='ocrx_word' id='word_1_79' title='bbox 487 1119 564 1205; x_wconf 91' lang='lat' dir='ltr'><strong>quia</strong></span> <span class='ocrx_word' id='word_1_80' title='bbox 594 1140 771 1203; x_wconf 79' lang='lat' dir='ltr'>numquam</span> <span class='ocrx_word' id='word_1_81' title='bbox 802 1118 966 1183; x_wconf 80' lang='lat' dir='ltr'><strong>vidimus?</strong></span> <span class='ocrx_word' id='word_1_82' title='bbox 1010 1117 1089 1203; x_wconf 85' lang='lat' dir='ltr'><strong>Ipsa</strong></span> <span class='ocrx_word' id='word_1_83' title='bbox 1115 1141 1198 1185; x_wconf 86' lang='lat' dir='ltr'><strong>vero</strong></span> <span class='ocrx_word' id='word_1_84' title='bbox 1215 1139 1241 1179; x_wconf 80' lang='lat' dir='ltr'><strong>ro</strong></span> 
     </span>
     <span class='ocr_line' id='line_1_12' title="bbox 185 1206 1301 1295; baseline -0.003 -20"><span class='ocrx_word' id='word_1_85' title='bbox 185 1232 283 1295; x_wconf 89' lang='lat' dir='ltr'><strong>quam</strong></span> <span class='ocrx_word' id='word_1_86' title='bbox 299 1208 382 1274; x_wconf 91' lang='lat' dir='ltr'><strong>nihil</strong></span> <span class='ocrx_word' id='word_1_87' title='bbox 400 1209 442 1273; x_wconf 87' lang='lat' dir='ltr'><strong>ad</strong></span> <span class='ocrx_word' id='word_1_88' title='bbox 460 1230 529 1273; x_wconf 92' lang='lat' dir='ltr'><strong>rem</strong></span> <span class='ocrx_word' id='word_1_89' title='bbox 547 1207 697 1293; x_wconf 84' lang='lat' dir='ltr'><strong>pertinet,</strong></span> <span class='ocrx_word' id='word_1_90' title='bbox 716 1228 799 1292; x_wconf 87' lang='lat' dir='ltr'><strong>quae</strong></span> <span class='ocrx_word' id='word_1_91' title='bbox 817 1228 875 1272; x_wconf 87' lang='lat' dir='ltr'><strong>ros</strong></span> <span class='ocrx_word' id='word_1_92' title='bbox 890 1206 1030 1271; x_wconf 87' lang='lat' dir='ltr'><strong>delectat</strong></span> <span class='ocrx_word' id='word_1_93' title='bbox 1044 1207 1198 1291; x_wconf 84' lang='lat' dir='ltr'><strong>maxime,</strong></span> <span class='ocrx_word' id='word_1_94' title='bbox 1300 1232 1301 1283; x_wconf 79' lang='lat' dir='ltr'><strong>l</strong></span> 
     </span>
     <span class='ocr_line' id='line_1_13' title="bbox 185 1294 1301 1452; baseline -0.003 -89"><span class='ocrx_word' id='word_1_95' title='bbox 185 1297 376 1452; x_wconf 57' lang='lat' dir='ltr'><strong>simiffllitudo!</strong></span> <span class='ocrx_word' id='word_1_96' title='bbox 423 1295 528 1373; x_wconf 79' lang='lat' dir='ltr'><strong>Quid?</strong></span> <span class='ocrx_word' id='word_1_97' title='bbox 560 1296 650 1362; x_wconf 89' lang='lat' dir='ltr'><strong>canis</strong></span> <span class='ocrx_word' id='word_1_98' title='bbox 676 1317 783 1361; x_wconf 89' lang='lat' dir='ltr'>nonne</span> <span class='ocrx_word' id='word_1_99' title='bbox 811 1294 927 1360; x_wconf 91' lang='lat' dir='ltr'><strong>similis</strong></span> <span class='ocrx_word' id='word_1_100' title='bbox 955 1294 1057 1380; x_wconf 82' lang='lat' dir='ltr'><strong>lupo?</strong></span> <span class='ocrx_word' id='word_1_101' title='bbox 1086 1300 1197 1381; x_wconf 89' lang='lat' dir='ltr'><strong>atque,</strong></span> <span class='ocrx_word' id='word_1_102' title='bbox 1299 1294 1301 1375; x_wconf 49' lang='grc' dir='ltr'>ξ</span> 
     </span>
     <span class='ocr_line' id='line_1_14' title="bbox 184 1380 1301 1468; baseline -0.007 -16"><span class='ocrx_word' id='word_1_103' title='bbox 184 1392 221 1452; x_wconf 90' lang='lat' dir='ltr'><strong>ut</strong></span> <span class='ocrx_word' id='word_1_104' title='bbox 272 1386 378 1468; x_wconf 76' lang='lat' dir='ltr'>nniuS,</span> <span class='ocrx_word' id='word_1_105' title='bbox 1231 1380 1235 1387; x_wconf 78' lang='grc'><strong>“</strong></span> <span class='ocrx_word' id='word_1_106' title='bbox 1300 1414 1301 1427; x_wconf 45' lang='lat'>¹</span> 
     </span>
    </p>
   </div>
   <div class='ocr_carea' id='block_1_3' title="bbox 90 1479 1199 1603">
    <p class='ocr_par' dir='ltr' id='par_1_4' title="bbox 90 1479 1199 1603">
     <span class='ocr_line' id='line_1_15' title="bbox 90 1479 1199 1603; baseline -0.001 -28"><span class='ocrx_word' id='word_1_107' title='bbox 90 1479 156 1603; x_wconf 53' lang='lat' dir='ltr'><strong>s&amp;</strong></span> <span class='ocrx_word' id='word_1_108' title='bbox 228 1507 1199 1594; x_wconf 66' lang='lat' dir='ltr'><strong>simiaquamsimilis,turpissumabestia,nobis!</strong></span> 
     </span>
    </p>
   </div>
   <div class='ocr_carea' id='block_1_4' title="bbox 54 1648 1303 3599">
    <p class='ocr_par' dir='ltr' id='par_1_5' title="bbox 54 1648 1303 3599">
     <span class='ocr_line' id='line_1_16' title="bbox 185 1648 1235 1735; baseline -0.01 -15"><span class='ocrx_word' id='word_1_109' title='bbox 185 1659 221 1721; x_wconf 91' lang='lat' dir='ltr'><strong>at</strong></span> <span class='ocrx_word' id='word_1_110' title='bbox 247 1673 354 1719; x_wconf 88' lang='lat' dir='ltr'><strong>mores</strong></span> <span class='ocrx_word' id='word_1_111' title='bbox 381 1652 417 1716; x_wconf 92' lang='lat' dir='ltr'><strong>in</strong></span> <span class='ocrx_word' id='word_1_112' title='bbox 442 1654 580 1734; x_wconf 89' lang='lat' dir='ltr'><strong>utroque</strong></span> <span class='ocrx_word' id='word_1_113' title='bbox 608 1649 763 1735; x_wconf 86' lang='lat' dir='ltr'><strong>dispares.</strong></span> <span class='ocrx_word' id='word_1_114' title='bbox 807 1648 994 1735; x_wconf 78' lang='lat' dir='ltr'><strong>Elephanto</strong></span> <span class='ocrx_word' id='word_1_115' title='bbox 1021 1650 1195 1716; x_wconf 89' lang='lat' dir='ltr'><strong>beluarum</strong></span> <span class='ocrx_word' id='word_1_116' title='bbox 1210 1668 1235 1710; x_wconf 79' lang='lat'><strong>15</strong></span> 
     </span>
     <span class='ocr_line' id='line_1_17' title="bbox 132 1737 1196 1826; baseline -0.002 -20"><span class='ocrx_word' id='word_1_117' title='bbox 132 1756 166 1806; x_wconf 82' lang='grc'><strong>98</strong></span> <span class='ocrx_word' id='word_1_118' title='bbox 184 1743 276 1809; x_wconf 90' lang='lat' dir='ltr'><strong>nulla</strong></span> <span class='ocrx_word' id='word_1_119' title='bbox 298 1740 500 1826; x_wconf 74' lang='lat' dir='ltr'><strong>prudentior,</strong></span> <span class='ocrx_word' id='word_1_120' title='bbox 524 1742 559 1803; x_wconf 79' lang='lat' dir='ltr'><strong>at</strong></span> <span class='ocrx_word' id='word_1_121' title='bbox 581 1739 688 1824; x_wconf 79' lang='lat' dir='ltr'><strong>figura</strong></span> <span class='ocrx_word' id='word_1_122' title='bbox 709 1760 791 1822; x_wconf 86' lang='lat' dir='ltr'><strong>quae</strong></span> <span class='ocrx_word' id='word_1_123' title='bbox 814 1738 961 1804; x_wconf 77' lang='lat' dir='ltr'><strong>vastior?</strong></span> <span class='ocrx_word' id='word_1_124' title='bbox 1006 1737 1056 1802; x_wconf 90' lang='lat' dir='ltr'><strong>De</strong></span> <span class='ocrx_word' id='word_1_125' title='bbox 1079 1739 1196 1804; x_wconf 84' lang='lat' dir='ltr'><strong>bestiis</strong></span> 
     </span>
     <span class='ocr_line' id='line_1_18' title="bbox 54 1827 1195 1916; baseline -0.004 -19"><span class='ocrx_word' id='word_1_126' title='bbox 54 1876 57 1879; x_wconf 96' lang='lat'>-</span> <span class='ocrx_word' id='word_1_127' title='bbox 186 1834 316 1916; x_wconf 73' lang='lat' dir='ltr'><strong>loquor,</strong></span> <span class='ocrx_word' id='word_1_128' title='bbox 339 1828 439 1914; x_wconf 79' lang='lat' dir='ltr'><strong>quid?</strong></span> <span class='ocrx_word' id='word_1_129' title='bbox 463 1827 549 1892; x_wconf 84' lang='lat' dir='ltr'><strong>inter</strong></span> <span class='ocrx_word' id='word_1_130' title='bbox 565 1827 655 1911; x_wconf 86' lang='lat' dir='ltr'><strong>ipsos</strong></span> <span class='ocrx_word' id='word_1_131' title='bbox 673 1827 821 1892; x_wconf 90' lang='lat' dir='ltr'><strong>homines</strong></span> <span class='ocrx_word' id='word_1_132' title='bbox 839 1848 947 1892; x_wconf 89' lang='lat' dir='ltr'>nonne</span> <span class='ocrx_word' id='word_1_133' title='bbox 966 1831 999 1892; x_wconf 88' lang='lat' dir='ltr'><strong>et</strong></span> <span class='ocrx_word' id='word_1_134' title='bbox 1018 1827 1195 1893; x_wconf 86' lang='lat' dir='ltr'><strong>simillimis</strong></span> 
     </span>
     <span class='ocr_line' id='line_1_19' title="bbox 184 1916 1196 2003; baseline -0.004 -18"><span class='ocrx_word' id='word_1_135' title='bbox 184 1920 299 1986; x_wconf 83' lang='lat' dir='ltr'><strong>formis</strong></span> <span class='ocrx_word' id='word_1_136' title='bbox 333 1917 478 2003; x_wconf 81' lang='lat' dir='ltr'><strong>dispares</strong></span> <span class='ocrx_word' id='word_1_137' title='bbox 510 1936 616 1980; x_wconf 90' lang='lat' dir='ltr'><strong>mores</strong></span> <span class='ocrx_word' id='word_1_138' title='bbox 648 1919 682 1980; x_wconf 85' lang='lat' dir='ltr'><strong>et</strong></span> <span class='ocrx_word' id='word_1_139' title='bbox 713 1916 859 1981; x_wconf 88' lang='lat' dir='ltr'><strong>moribus</strong></span> <span class='ocrx_word' id='word_1_140' title='bbox 891 1916 1062 1982; x_wconf 80' lang='lat' dir='ltr'><strong>simillimis</strong></span> <span class='ocrx_word' id='word_1_141' title='bbox 1087 1917 1196 2002; x_wconf 82' lang='lat' dir='ltr'><strong>figura</strong></span> 
     </span>
     <span class='ocr_line' id='line_1_20' title="bbox 186 2003 1193 2091; baseline -0.002 -19"><span class='ocrx_word' id='word_1_142' title='bbox 186 2005 375 2073; x_wconf 79' lang='lat' dir='ltr'><strong>dissimilis?</strong></span> <span class='ocrx_word' id='word_1_143' title='bbox 410 2003 542 2068; x_wconf 79' lang='lat' dir='ltr'>Etenim</span> <span class='ocrx_word' id='word_1_144' title='bbox 561 2003 588 2067; x_wconf 91' lang='lat' dir='ltr'><strong>si</strong></span> <span class='ocrx_word' id='word_1_145' title='bbox 608 2004 715 2088; x_wconf 90' lang='lat' dir='ltr'><strong>semel,</strong></span> <span class='ocrx_word' id='word_1_146' title='bbox 737 2003 854 2087; x_wconf 88' lang='lat' dir='ltr'><strong>Vellei,</strong></span> <span class='ocrx_word' id='word_1_147' title='bbox 877 2003 1071 2090; x_wconf 83' lang='lat' dir='ltr'><strong>suscipimus</strong></span> <span class='ocrx_word' id='word_1_148' title='bbox 1091 2025 1193 2091; x_wconf 82' lang='lat' dir='ltr'><strong>genus</strong></span> 
     </span>
     <span class='ocr_line' id='line_1_21' title="bbox 185 2091 1232 2180; baseline -0.011 -18"><span class='ocrx_word' id='word_1_149' title='bbox 185 2098 248 2162; x_wconf 93' lang='lat' dir='ltr'><strong>hoc</strong></span> <span class='ocrx_word' id='word_1_150' title='bbox 270 2093 467 2180; x_wconf 79' lang='lat' dir='ltr'><strong>argumenti,</strong></span> <span class='ocrx_word' id='word_1_151' title='bbox 491 2091 630 2176; x_wconf 84' lang='lat' dir='ltr'><strong>attende,</strong></span> <span class='ocrx_word' id='word_1_152' title='bbox 654 2115 717 2178; x_wconf 92' lang='lat' dir='ltr'><strong>quo</strong></span> <span class='ocrx_word' id='word_1_153' title='bbox 740 2097 859 2179; x_wconf 85' lang='lat' dir='ltr'><strong>serpat.</strong></span> <span class='ocrx_word' id='word_1_154' title='bbox 904 2091 954 2157; x_wconf 78' lang='lat' dir='ltr'><strong>Tu</strong></span> <span class='ocrx_word' id='word_1_155' title='bbox 977 2092 1063 2157; x_wconf 89' lang='lat' dir='ltr'>enim</span> <span class='ocrx_word' id='word_1_156' title='bbox 1086 2114 1191 2158; x_wconf 90' lang='lat' dir='ltr'><strong>sume·</strong></span> <span class='ocrx_word' id='word_1_157' title='bbox 1207 2112 1232 2151; x_wconf 79' lang='lat' dir='ltr'><strong>a</strong></span> 
     </span>
     <span class='ocr_line' id='line_1_22' title="bbox 185 2180 1303 2268; baseline -0.004 -17"><span class='ocrx_word' id='word_1_158' title='bbox 185 2186 245 2251; x_wconf 88' lang='lat' dir='ltr'><strong>bas</strong></span> <span class='ocrx_word' id='word_1_159' title='bbox 267 2181 331 2247; x_wconf 88' lang='lat' dir='ltr'><strong>nisi</strong></span> <span class='ocrx_word' id='word_1_160' title='bbox 353 2182 387 2245; x_wconf 90' lang='lat' dir='ltr'><strong>in</strong></span> <span class='ocrx_word' id='word_1_161' title='bbox 408 2180 550 2246; x_wconf 92' lang='lat' dir='ltr'><strong>hominis</strong></span> <span class='ocrx_word' id='word_1_162' title='bbox 572 2181 678 2268; x_wconf 82' lang='lat' dir='ltr'><strong>figura</strong></span> <span class='ocrx_word' id='word_1_163' title='bbox 697 2182 857 2246; x_wconf 90' lang='lat' dir='ltr'><strong>rationem</strong></span> <span class='ocrx_word' id='word_1_164' title='bbox 875 2181 981 2245; x_wconf 87' lang='lat' dir='ltr'><strong>inesse</strong></span> <span class='ocrx_word' id='word_1_165' title='bbox 999 2203 1065 2246; x_wconf 91' lang='lat' dir='ltr'><strong>non</strong></span> <span class='ocrx_word' id='word_1_166' title='bbox 1083 2204 1194 2266; x_wconf 80' lang='lat' dir='ltr'><strong>posse3</strong></span> <span class='ocrx_word' id='word_1_167' title='bbox 1302 2226 1303 2229; x_wconf 56' lang='lat'><em>=</em></span> 
     </span>
     <span class='ocr_line' id='line_1_23' title="bbox 186 2269 1193 2354; baseline -0.004 -16"><span class='ocrx_word' id='word_1_168' title='bbox 186 2276 294 2338; x_wconf 86' lang='lat' dir='ltr'><strong>sumet</strong></span> <span class='ocrx_word' id='word_1_169' title='bbox 315 2270 399 2335; x_wconf 91' lang='lat' dir='ltr'><strong>alius</strong></span> <span class='ocrx_word' id='word_1_170' title='bbox 421 2269 485 2333; x_wconf 89' lang='lat' dir='ltr'><strong>nisi</strong></span> <span class='ocrx_word' id='word_1_171' title='bbox 507 2269 543 2335; x_wconf 90' lang='lat' dir='ltr'><strong>in</strong></span> <span class='ocrx_word' id='word_1_172' title='bbox 564 2270 722 2351; x_wconf 76' lang='lat' dir='ltr'><strong>terrestri,</strong></span> <span class='ocrx_word' id='word_1_173' title='bbox 744 2270 808 2334; x_wconf 90' lang='lat' dir='ltr'><strong>nisi</strong></span> <span class='ocrx_word' id='word_1_174' title='bbox 826 2269 862 2334; x_wconf 90' lang='lat' dir='ltr'><strong>in</strong></span> <span class='ocrx_word' id='word_1_175' title='bbox 880 2291 926 2353; x_wconf 93' lang='lat' dir='ltr'><strong>eo,</strong></span> <span class='ocrx_word' id='word_1_176' title='bbox 951 2270 1006 2353; x_wconf 91' lang='lat' dir='ltr'><strong>qui</strong></span> <span class='ocrx_word' id='word_1_177' title='bbox 1023 2274 1121 2334; x_wconf 88' lang='lat' dir='ltr'><strong>natus</strong></span> <span class='ocrx_word' id='word_1_178' title='bbox 1141 2271 1193 2354; x_wconf 86' lang='lat' dir='ltr'><strong>sit,</strong></span> 
     </span>
     <span class='ocr_line' id='line_1_24' title="bbox 185 2356 1192 2443; baseline -0.003 -17"><span class='ocrx_word' id='word_1_179' title='bbox 185 2361 250 2426; x_wconf 90' lang='lat' dir='ltr'><strong>nisi</strong></span> <span class='ocrx_word' id='word_1_180' title='bbox 266 2360 302 2425; x_wconf 93' lang='lat' dir='ltr'><strong>in</strong></span> <span class='ocrx_word' id='word_1_181' title='bbox 320 2380 367 2442; x_wconf 91' lang='lat' dir='ltr'><strong>eo,</strong></span> <span class='ocrx_word' id='word_1_182' title='bbox 390 2357 446 2443; x_wconf 93' lang='lat' dir='ltr'><strong>qui</strong></span> <span class='ocrx_word' id='word_1_183' title='bbox 464 2356 651 2440; x_wconf 76' lang='lat' dir='ltr'><strong>adoleverit,</strong></span> <span class='ocrx_word' id='word_1_184' title='bbox 672 2357 738 2422; x_wconf 88' lang='lat' dir='ltr'><strong>nisi</strong></span> <span class='ocrx_word' id='word_1_185' title='bbox 755 2357 790 2421; x_wconf 93' lang='lat' dir='ltr'><strong>in</strong></span> <span class='ocrx_word' id='word_1_186' title='bbox 808 2379 855 2441; x_wconf 91' lang='lat' dir='ltr'><strong>eo,</strong></span> <span class='ocrx_word' id='word_1_187' title='bbox 878 2357 934 2442; x_wconf 88' lang='lat' dir='ltr'><strong>qui</strong></span> <span class='ocrx_word' id='word_1_188' title='bbox 953 2356 1108 2441; x_wconf 81' lang='lat' dir='ltr'><strong>didicerit,</strong></span> <span class='ocrx_word' id='word_1_189' title='bbox 1131 2359 1192 2423; x_wconf 87' lang='lat' dir='ltr'><strong>nisi</strong></span> 
     </span>
     <span class='ocr_line' id='line_1_25' title="bbox 186 2446 1192 2533; baseline -0.003 -18"><span class='ocrx_word' id='word_1_190' title='bbox 186 2451 221 2514; x_wconf 90' lang='lat' dir='ltr'><strong>in</strong></span> <span class='ocrx_word' id='word_1_191' title='bbox 244 2470 290 2533; x_wconf 93' lang='lat' dir='ltr'><strong>eo,</strong></span> <span class='ocrx_word' id='word_1_192' title='bbox 313 2447 431 2532; x_wconf 89' lang='lat' dir='ltr'><strong>quiex</strong></span> <span class='ocrx_word' id='word_1_193' title='bbox 454 2446 562 2511; x_wconf 89' lang='lat' dir='ltr'><strong>animo</strong></span> <span class='ocrx_word' id='word_1_194' title='bbox 585 2449 711 2511; x_wconf 89' lang='lat' dir='ltr'><strong>constet</strong></span> <span class='ocrx_word' id='word_1_195' title='bbox 735 2448 768 2510; x_wconf 85' lang='lat' dir='ltr'><strong>et</strong></span> <span class='ocrx_word' id='word_1_196' title='bbox 790 2466 925 2530; x_wconf 89' lang='lat' dir='ltr'><strong>corpore</strong></span> <span class='ocrx_word' id='word_1_197' title='bbox 948 2446 1067 2512; x_wconf 89' lang='lat' dir='ltr'><strong>caduco</strong></span> <span class='ocrx_word' id='word_1_198' title='bbox 1092 2451 1125 2511; x_wconf 86' lang='lat' dir='ltr'><strong>et</strong></span> <span class='ocrx_word' id='word_1_199' title='bbox 1148 2448 1192 2512; x_wconf 95' lang='lat' dir='ltr'><strong>in-</strong></span> 
     </span>
     <span class='ocr_line' id='line_1_26' title="bbox 186 2533 1230 2621; baseline -0.007 -20"><span class='ocrx_word' id='word_1_200' title='bbox 186 2539 291 2621; x_wconf 85' lang='lat' dir='ltr'><strong>firme,</strong></span> <span class='ocrx_word' id='word_1_201' title='bbox 313 2539 479 2620; x_wconf 90' lang='lat' dir='ltr'><strong>postremo</strong></span> <span class='ocrx_word' id='word_1_202' title='bbox 497 2534 562 2598; x_wconf 89' lang='lat' dir='ltr'><strong>nisi</strong></span> <span class='ocrx_word' id='word_1_203' title='bbox 578 2534 613 2598; x_wconf 92' lang='lat' dir='ltr'><strong>in</strong></span> <span class='ocrx_word' id='word_1_204' title='bbox 631 2533 762 2598; x_wconf 90' lang='lat' dir='ltr'><strong>homine</strong></span> <span class='ocrx_word' id='word_1_205' title='bbox 781 2538 878 2617; x_wconf 86' lang='lat' dir='ltr'><strong>atque</strong></span> <span class='ocrx_word' id='word_1_206' title='bbox 897 2534 1038 2599; x_wconf 81' lang='lat' dir='ltr'><strong>mortali.</strong></span> <span class='ocrx_word' id='word_1_207' title='bbox 1072 2533 1192 2610; x_wconf 82' lang='lat' dir='ltr'><strong>Quodsi</strong></span> <span class='ocrx_word' id='word_1_208' title='bbox 1206 2554 1230 2594; x_wconf 80' lang='lat' dir='ltr'><strong>a</strong></span> 
     </span>
     <span class='ocr_line' id='line_1_27' title="bbox 148 2621 1193 2707; baseline -0.002 -15"><span class='ocrx_word' id='word_1_209' title='bbox 148 2664 152 2669; x_wconf 65' lang='grc'><strong>«</strong></span> <span class='ocrx_word' id='word_1_210' title='bbox 167 2652 169 2655; x_wconf 95' lang='grc'><strong><em>·</em></strong></span> <span class='ocrx_word' id='word_1_211' title='bbox 186 2627 222 2692; x_wconf 91' lang='lat' dir='ltr'><strong>in</strong></span> <span class='ocrx_word' id='word_1_212' title='bbox 244 2624 394 2691; x_wconf 89' lang='lat' dir='ltr'><strong>omnibus</strong></span> <span class='ocrx_word' id='word_1_213' title='bbox 411 2623 464 2687; x_wconf 92' lang='lat' dir='ltr'><strong>his</strong></span> <span class='ocrx_word' id='word_1_214' title='bbox 482 2622 579 2687; x_wconf 89' lang='lat' dir='ltr'><strong>rebus</strong></span> <span class='ocrx_word' id='word_1_215' title='bbox 598 2621 740 2706; x_wconf 89' lang='lat' dir='ltr'><strong>obsistis,</strong></span> <span class='ocrx_word' id='word_1_216' title='bbox 763 2621 841 2706; x_wconf 91' lang='lat' dir='ltr'><strong>quid</strong></span> <span class='ocrx_word' id='word_1_217' title='bbox 860 2625 918 2706; x_wconf 89' lang='lat' dir='ltr'><strong>est,</strong></span> <span class='ocrx_word' id='word_1_218' title='bbox 941 2622 1028 2707; x_wconf 92' lang='lat' dir='ltr'><strong>quod</strong></span> <span class='ocrx_word' id='word_1_219' title='bbox 1042 2627 1075 2689; x_wconf 90' lang='lat' dir='ltr'><strong>te</strong></span> <span class='ocrx_word' id='word_1_220' title='bbox 1088 2623 1193 2690; x_wconf 87' lang='lat' dir='ltr'><strong>forma</strong></span> 
     </span>
     <span class='ocr_line' id='line_1_28' title="bbox 187 2709 1191 2798; baseline -0.002 -19"><span class='ocrx_word' id='word_1_221' title='bbox 187 2736 252 2780; x_wconf 91' lang='lat' dir='ltr'><strong>una</strong></span> <span class='ocrx_word' id='word_1_222' title='bbox 283 2712 476 2779; x_wconf 79' lang='lat' dir='ltr'><strong>conturbet?</strong></span> <span class='ocrx_word' id='word_1_223' title='bbox 516 2709 577 2775; x_wconf 91' lang='lat' dir='ltr'><strong>His</strong></span> <span class='ocrx_word' id='word_1_224' title='bbox 610 2710 696 2774; x_wconf 92' lang='lat' dir='ltr'>enim</span> <span class='ocrx_word' id='word_1_225' title='bbox 726 2710 889 2794; x_wconf 90' lang='lat' dir='ltr'><strong>omnibus,</strong></span> <span class='ocrx_word' id='word_1_226' title='bbox 921 2732 1003 2794; x_wconf 90' lang='lat' dir='ltr'><strong>quae</strong></span> <span class='ocrx_word' id='word_1_227' title='bbox 1030 2714 1191 2798; x_wconf 85' lang='lat' dir='ltr'><strong>proposui,</strong></span> 
     </span>
     <span class='ocr_line' id='line_1_29' title="bbox 188 2797 1192 2886; baseline -0.003 -17"><span class='ocrx_word' id='word_1_228' title='bbox 188 2802 347 2869; x_wconf 84' lang='lat' dir='ltr'><strong>adiunctis</strong></span> <span class='ocrx_word' id='word_1_229' title='bbox 365 2801 400 2865; x_wconf 89' lang='lat' dir='ltr'><strong>in</strong></span> <span class='ocrx_word' id='word_1_230' title='bbox 417 2797 549 2864; x_wconf 91' lang='lat' dir='ltr'><strong>homine</strong></span> <span class='ocrx_word' id='word_1_231' title='bbox 567 2798 728 2862; x_wconf 88' lang='lat' dir='ltr'><strong>rationem</strong></span> <span class='ocrx_word' id='word_1_232' title='bbox 745 2819 815 2863; x_wconf 86' lang='lat' dir='ltr'><strong>esse</strong></span> <span class='ocrx_word' id='word_1_233' title='bbox 834 2802 867 2863; x_wconf 88' lang='lat' dir='ltr'><strong>et</strong></span> <span class='ocrx_word' id='word_1_234' title='bbox 884 2803 1027 2864; x_wconf 89' lang='lat' dir='ltr'>mentem</span> <span class='ocrx_word' id='word_1_235' title='bbox 1048 2799 1192 2886; x_wconf 76' lang='lat' dir='ltr'><strong>videbas,</strong></span> 
     </span>
     <span class='ocr_line' id='line_1_30' title="bbox 189 2885 1190 2975; baseline 0 -20"><span class='ocrx_word' id='word_1_236' title='bbox 189 2891 305 2975; x_wconf 89' lang='lat' dir='ltr'><strong>quibus</strong></span> <span class='ocrx_word' id='word_1_237' title='bbox 337 2887 491 2954; x_wconf 85' lang='lat' dir='ltr'><strong>detractis</strong></span> <span class='ocrx_word' id='word_1_238' title='bbox 524 2885 618 2951; x_wconf 90' lang='lat' dir='ltr'><strong>deum</strong></span> <span class='ocrx_word' id='word_1_239' title='bbox 647 2889 757 2952; x_wconf 88' lang='lat' dir='ltr'><strong>tamen</strong></span> <span class='ocrx_word' id='word_1_240' title='bbox 787 2908 883 2952; x_wconf 86' lang='lat' dir='ltr'><strong>nosse</strong></span> <span class='ocrx_word' id='word_1_241' title='bbox 915 2891 949 2952; x_wconf 88' lang='lat' dir='ltr'><strong>te</strong></span> <span class='ocrx_word' id='word_1_242' title='bbox 976 2886 1068 2972; x_wconf 90' lang='lat' dir='ltr'><strong>dicis,</strong></span> <span class='ocrx_word' id='word_1_243' title='bbox 1098 2891 1190 2955; x_wconf 93' lang='lat' dir='ltr'><strong>modo</strong></span> 
     </span>
     <span class='ocr_line' id='line_1_31' title="bbox 188 2974 1229 3061; baseline -0.01 -16"><span class='ocrx_word' id='word_1_244' title='bbox 188 2980 379 3044; x_wconf 83' lang='lat' dir='ltr'><strong>liniamenta</strong></span> <span class='ocrx_word' id='word_1_245' title='bbox 409 2977 570 3041; x_wconf 85' lang='lat' dir='ltr'><strong>maneant.</strong></span> <span class='ocrx_word' id='word_1_246' title='bbox 619 2974 691 3040; x_wconf 93' lang='lat' dir='ltr'><strong>Hoc</strong></span> <span class='ocrx_word' id='word_1_247' title='bbox 722 2978 773 3039; x_wconf 93' lang='lat' dir='ltr'><strong>est</strong></span> <span class='ocrx_word' id='word_1_248' title='bbox 798 2996 866 3040; x_wconf 89' lang='lat' dir='ltr'><strong>non</strong></span> <span class='ocrx_word' id='word_1_249' title='bbox 891 2975 1107 3061; x_wconf 85' lang='lat' dir='ltr'><strong>considerare,</strong></span> <span class='ocrx_word' id='word_1_250' title='bbox 1139 2982 1229 3043; x_wconf 80' lang='lat' dir='ltr'><strong>seda</strong></span> 
     </span>
     <span class='ocr_line' id='line_1_32' title="bbox 138 3061 1190 3153; baseline 0.002 -23"><span class='ocrx_word' id='word_1_251' title='bbox 138 3080 170 3130; x_wconf 76' lang='lat' dir='ltr'><strong>es</strong></span> <span class='ocrx_word' id='word_1_252' title='bbox 190 3067 284 3153; x_wconf 84' lang='lat' dir='ltr'><strong>quusi</strong></span> <span class='ocrx_word' id='word_1_253' title='bbox 305 3063 425 3148; x_wconf 89' lang='lat' dir='ltr'><strong>sortiri,</strong></span> <span class='ocrx_word' id='word_1_254' title='bbox 449 3062 526 3147; x_wconf 91' lang='lat' dir='ltr'><strong>quid</strong></span> <span class='ocrx_word' id='word_1_255' title='bbox 547 3063 690 3147; x_wconf 78' lang='lat' dir='ltr'><strong>loquare.</strong></span> <span class='ocrx_word' id='word_1_256' title='bbox 725 3061 799 3128; x_wconf 90' lang='lat' dir='ltr'><strong>Nisi</strong></span> <span class='ocrx_word' id='word_1_257' title='bbox 820 3062 905 3129; x_wconf 86' lang='lat' dir='ltr'><strong>forte</strong></span> <span class='ocrx_word' id='word_1_258' title='bbox 926 3084 968 3129; x_wconf 88' lang='lat' dir='ltr'><strong>ne</strong></span> <span class='ocrx_word' id='word_1_259' title='bbox 986 3065 1048 3130; x_wconf 91' lang='lat' dir='ltr'><strong>hoc</strong></span> <span class='ocrx_word' id='word_1_260' title='bbox 1066 3065 1190 3150; x_wconf 90' lang='lat' dir='ltr'><strong>quidem</strong></span> 
     </span>
     <span class='ocr_line' id='line_1_33' title="bbox 190 3150 1190 3239; baseline -0.001 -18"><span class='ocrx_word' id='word_1_261' title='bbox 190 3153 345 3234; x_wconf 85' lang='lat' dir='ltr'><strong>attendis,</strong></span> <span class='ocrx_word' id='word_1_262' title='bbox 370 3173 438 3217; x_wconf 85' lang='lat' dir='ltr'><strong>non</strong></span> <span class='ocrx_word' id='word_1_263' title='bbox 464 3150 560 3216; x_wconf 91' lang='lat' dir='ltr'><strong>modo</strong></span> <span class='ocrx_word' id='word_1_264' title='bbox 582 3151 618 3215; x_wconf 92' lang='lat' dir='ltr'><strong>in</strong></span> <span class='ocrx_word' id='word_1_265' title='bbox 639 3150 782 3236; x_wconf 89' lang='lat' dir='ltr'><strong>homine,</strong></span> <span class='ocrx_word' id='word_1_266' title='bbox 812 3151 869 3216; x_wconf 88' lang='lat' dir='ltr'><strong>sed</strong></span> <span class='ocrx_word' id='word_1_267' title='bbox 891 3152 991 3217; x_wconf 85' lang='lat' dir='ltr'><strong>etiam</strong></span> <span class='ocrx_word' id='word_1_268' title='bbox 1012 3153 1048 3217; x_wconf 91' lang='lat' dir='ltr'><strong>in</strong></span> <span class='ocrx_word' id='word_1_269' title='bbox 1070 3155 1190 3239; x_wconf 86' lang='lat' dir='ltr'><strong>arbore,</strong></span> 
     </span>
     <span class='ocr_line' id='line_1_34' title="bbox 190 3239 1303 3329; baseline -0.001 -21"><span class='ocrx_word' id='word_1_270' title='bbox 190 3240 342 3329; x_wconf 87' lang='lat' dir='ltr'><strong>quicquid</strong></span> <span class='ocrx_word' id='word_1_271' title='bbox 377 3260 649 3325; x_wconf 82' lang='lat' dir='ltr'><strong>supervacaneum</strong></span> <span class='ocrx_word' id='word_1_272' title='bbox 681 3239 725 3304; x_wconf 80' lang='lat' dir='ltr'><strong>sit</strong></span> <span class='ocrx_word' id='word_1_273' title='bbox 756 3243 814 3305; x_wconf 82' lang='lat' dir='ltr'><strong>cut</strong></span> <span class='ocrx_word' id='word_1_274' title='bbox 843 3261 939 3304; x_wconf 86' lang='lat' dir='ltr'><strong>usum</strong></span> <span class='ocrx_word' id='word_1_275' title='bbox 969 3263 1036 3306; x_wconf 91' lang='lat' dir='ltr'><strong>non</strong></span> <span class='ocrx_word' id='word_1_276' title='bbox 1066 3242 1190 3328; x_wconf 87' lang='lat' dir='ltr'><strong>habeat,</strong></span> <span class='ocrx_word' id='word_1_277' title='bbox 1299 3302 1303 3307; x_wconf 84' lang='lat'>.</span> 
     </span>
     <span class='ocr_line' id='line_1_35' title="bbox 191 3326 1190 3416; baseline 0 -19"><span class='ocrx_word' id='word_1_278' title='bbox 191 3332 331 3397; x_wconf 89' lang='lat' dir='ltr'><strong>obstare.</strong></span> <span class='ocrx_word' id='word_1_279' title='bbox 367 3326 470 3404; x_wconf 89' lang='lat' dir='ltr'><strong>Quam</strong></span> <span class='ocrx_word' id='word_1_280' title='bbox 494 3328 667 3394; x_wconf 88' lang='lat' dir='ltr'><strong>molestum</strong></span> <span class='ocrx_word' id='word_1_281' title='bbox 689 3332 740 3393; x_wconf 87' lang='lat' dir='ltr'><strong>est</strong></span> <span class='ocrx_word' id='word_1_282' title='bbox 762 3349 826 3393; x_wconf 91' lang='lat' dir='ltr'><strong>uno</strong></span> <span class='ocrx_word' id='word_1_283' title='bbox 847 3327 951 3414; x_wconf 82' lang='lat' dir='ltr'><strong>digito</strong></span> <span class='ocrx_word' id='word_1_284' title='bbox 969 3330 1043 3416; x_wconf 91' lang='lat' dir='ltr'><strong>plus</strong></span> <span class='ocrx_word' id='word_1_285' title='bbox 1061 3330 1190 3397; x_wconf 83' lang='lat' dir='ltr'><strong>habere!</strong></span> 
     </span>
     <span class='ocr_line' id='line_1_36' title="bbox 192 3415 1226 3505; baseline -0.002 -23"><span class='ocrx_word' id='word_1_286' title='bbox 192 3417 274 3495; x_wconf 85' lang='lat' dir='ltr'><strong>Quid</strong></span> <span class='ocrx_word' id='word_1_287' title='bbox 305 3416 375 3481; x_wconf 78' lang='lat' dir='ltr'><strong>ita?</strong></span> <span class='ocrx_word' id='word_1_288' title='bbox 421 3415 503 3493; x_wconf 85' lang='lat' dir='ltr'><strong>Quia</strong></span> <span class='ocrx_word' id='word_1_289' title='bbox 532 3438 592 3483; x_wconf 89' lang='lat' dir='ltr'><strong>nec</strong></span> <span class='ocrx_word' id='word_1_290' title='bbox 621 3416 727 3503; x_wconf 89' lang='lat' dir='ltr'><strong>specie</strong></span> <span class='ocrx_word' id='word_1_291' title='bbox 753 3438 812 3482; x_wconf 91' lang='lat' dir='ltr'><strong>nec</strong></span> <span class='ocrx_word' id='word_1_292' title='bbox 838 3438 900 3482; x_wconf 91' lang='lat' dir='ltr'><strong>usu</strong></span> <span class='ocrx_word' id='word_1_293' title='bbox 926 3417 1026 3483; x_wconf 91' lang='lat' dir='ltr'><strong>alium</strong></span> <span class='ocrx_word' id='word_1_294' title='bbox 1054 3420 1226 3505; x_wconf 71' lang='lat' dir='ltr'><strong>quinques</strong></span> 
     </span>
     <span class='ocr_line' id='line_1_37' title="bbox 193 3504 1190 3599; baseline 0.003 -28"><span class='ocrx_word' id='word_1_295' title='bbox 193 3505 383 3571; x_wconf 84' lang='lat' dir='ltr'><strong>desiderant.</strong></span> <span class='ocrx_word' id='word_1_296' title='bbox 428 3504 515 3570; x_wconf 81' lang='lat' dir='ltr'><strong>Tuus</strong></span> <span class='ocrx_word' id='word_1_297' title='bbox 543 3510 653 3573; x_wconf 83' lang='lat' dir='ltr'><strong>autem</strong></span> <span class='ocrx_word' id='word_1_298' title='bbox 679 3506 759 3599; x_wconf 72' lang='lat' dir='ltr'><strong>deus</strong></span> <span class='ocrx_word' id='word_1_299' title='bbox 779 3527 845 3571; x_wconf 88' lang='lat' dir='ltr'><strong>non</strong></span> <span class='ocrx_word' id='word_1_300' title='bbox 868 3505 972 3591; x_wconf 83' lang='lat' dir='ltr'><strong>digito</strong></span> <span class='ocrx_word' id='word_1_301' title='bbox 994 3529 1059 3573; x_wconf 90' lang='lat' dir='ltr'><strong>uno</strong></span> <span class='ocrx_word' id='word_1_302' title='bbox 1082 3508 1190 3574; x_wconf 88' lang='lat' dir='ltr'><strong>redun-</strong></span> 
     </span>
    </p>
   </div>
   <div class='ocr_carea' id='block_1_5' title="bbox 264 3712 766 3808">
    <p class='ocr_par' dir='ltr' id='par_1_6' title="bbox 264 3712 766 3808">
     <span class='ocr_line' id='line_1_38' title="bbox 264 3712 766 3808; baseline -0.002 -8"><span class='ocrx_word' id='word_1_303' title='bbox 264 3716 279 3741; x_wconf 71' lang='grc'><em>“</em></span> <span class='ocrx_word' id='word_1_304' title='bbox 406 3712 766 3808; x_wconf 59' lang='lat' dir='ltr'><strong>arem·</strong></span> 
     </span>
    </p>
   </div>
   <div class='ocr_carea' id='block_1_6' title="bbox 0 0 1331 3904">
    <p class='ocr_par' dir='ltr' id='par_1_7' title="bbox 0 0 1331 3904">
     <span class='ocr_line' id='line_1_39' title="bbox 0 0 1331 3904; baseline 0 0"><span class='ocrx_word' id='word_1_305' title='bbox 0 0 1331 3904; x_wconf 95' lang='lat' dir='ltr'><strong> </strong></span> 
     </span>
    </p>
   </div>
  </div>
 </body>
</html>
