2652 3920
188 209 251 274 178
546 207 595 262 DE
613 207 855 264 DIVINATIONE

186 355 360 441 quaeritur.
387 352 456 438 Ut,
480 353 509 419 si
531 357 718 438 magnetem
740 354 883 439 lapidem
906 375 976 420 esse
999 354 1113 440 dicam,
1138 356 1195 441 qui
1310 366 1311 397 ³

185 444 308 510 ferrum
337 442 379 509 ed
405 464 440 508 se
468 441 601 508 adliciat
628 446 662 507 01
684 443 846 528 attrahat,
875 443 1050 528 rationem,
1081 466 1139 510 cur
1159 444 1195 509 id

185 533 253 617 fiat,
276 531 402 598 adferre
423 552 592 616 nequeam,
614 530 686 596 fieri
703 531 835 597 omnino
853 552 961 618 neges.
999 530 1091 609 Quod
1107 532 1194 598 idem

185 620 266 688 facis
292 621 327 686 in
354 619 567 704 divinatione,
595 640 692 704 quam
719 623 753 685 et
780 620 940 686 cernimus
962 620 1027 707 ipsi
1050 624 1084 686 et
1107 621 1195 687 audi-

186 731 258 776 mus
281 712 315 775 et
336 709 474 794 legimus
498 711 531 773 et
553 730 574 773 a
591 708 740 793 patribus
759 708 949 794 accepimus.
985 707 1099 794 Neque
1117 713 1194 775 aute
1223 727 1238 770 1

185 796 428 884 philosophiam
447 796 655 882 patefactam,
678 817 761 881 quae
778 818 882 883 nuper
899 796 1033 863 inventa
1051 800 1110 883 est,
1132 798 1195 863 hac
1310 858 1311 863 ,

186 887 225 952 de
247 908 283 951 re
306 884 484 951 communis
507 886 577 950 vita
601 884 771 969 dubitavit,
794 889 837 969 et,
859 890 1073 971 posteaquam
1090 886 1195 972 philo·
1310 886 1311 965 ξ

187 973 303 1061 sophia
329 974 500 1058 processit,
529 994 624 1038 nemo
653 973 748 1039 aliter
774 973 989 1060 philosophus
1017 976 1133 1060 sensit,
1159 975 1196 1040 iu

132 1077 166 1127 er
187 1084 252 1148 quo
281 1061 377 1127 modo
406 1064 492 1126 esset
521 1061 709 1127 auctoritas.
754 1061 831 1127 Dixi
858 1061 1125 1150 de.Pythagora,
1155 1063 1195 1129 de

185 1149 382 1234 Democrito,
404 1147 444 1215 de
461 1146 603 1234 Socrate,
626 1149 737 1234 excepi
760 1149 798 1215 de
822 1149 965 1235 antiquis
983 1155 1113 1236 praeter
1132 1150 1195 1216 Xe
1211 1172 1239 1212 1o
1310 1176 1311 1223 g

185 1239 370 1325 nophanem
392 1237 562 1322 neminem,
585 1237 717 1303 adiunxi
735 1241 878 1304 veterem
896 1237 1115 1324 Academiam,
1136 1238 1196 1305 Pe·

185 1327 383 1413 ripateticos‚
398 1323 538 1410 Stoicos3
555 1347 638 1392 uuus
653 1326 805 1392 dissentit
818 1325 987 1412 Epicurus.
1019 1325 1104 1403 Quid
1116 1349 1194 1394 vero

186 1419 249 1483 hoc
275 1416 415 1500 turpius,
443 1436 540 1499 quam
568 1414 655 1500 quod
682 1414 768 1480 idem
790 1415 915 1481 nullam
939 1419 1049 1481 censet
1071 1416 1196 1502 gratui-
1310 1444 1311 1499 1

186 1509 256 1571 tam
279 1525 349 1570 esse
371 1503 550 1569 virtutem?
1310 1556 1311 1563 ,

133 1597 177 1660 40
253 1591 331 1669 Quis
355 1595 541 1675 astantem,
565 1612 659 1676 quem
676 1613 744 1658 non
762 1596 893 1659 moveat
910 1592 1109 1658 clarissumis
1127 1615 1195 1658 mo·
1210 1612 1237 1654 11
1310 1638 1311 1651 i

186 1682 350 1748 numentis
378 1684 500 1745 testata
522 1680 611 1746 consi
659 1684 778 1766 ataque
801 1681 1001 1766 antiquitas?
1038 1679 1196 1747 Calchan·

186 1775 254 1836 tem
281 1789 436 1855 augurem
460 1767 574 1835 scribit
629 1790 758 1835 omerus
781 1769 879 1856 longe
902 1774 1086 1855 optumum,
1109 1793 1196 1836 eum·
1310 1804 1311 1807 ¹

187 1882 248 1944 que
268 1858 381 1923 ducem
399 1856 551 1922 classium
568 1856 669 1925 fuisse
688 1858 729 1924 ad
742 1857 848 1942 Ilium,
867 1857 1085 1943 auspiciorum
1099 1859 1194 1925 oredo
1310 1924 1311 1927 ,

134 1961 168 2011 88
189 1947 333 2030 scientia,
355 1967 422 2011 11011
443 1946 596 2011 locorum.
633 1946 869 2031 Amphilochus
892 1950 925 2010 et
947 1945 1081 2031 Mopsus
1100 1947 1196 2033 Argi·

186 2058 301 2103 vorum
329 2055 423 2121 reges
445 2034 590 2116 fuerunt,
617 2033 673 2099 sed
695 2033 793 2099 iidem
816 2055 968 2121 augures,
995 2034 1081 2120 iique
1104 2035 1194 2101 urbis
1209 2056 1238 2096 10
1310 2038 1311 2065 l

187 2126 222 2191 in
249 2146 307 2190 ora
330 2123 505 2188 marituma
528 2120 659 2187 Ciliciae
684 2120 823 2187 Graecas
846 2122 1069 2207 condiderunt3
1096 2127 1194 2208 atque

188 2213 287 2279 etiam
315 2216 390 2276 aute
417 2210 478 2276 hos
501 2208 720 2294 Amphiaraus
743 2214 777 2276 et
799 2209 940 2276 Tiresias
967 2233 1034 2278 11011
1054 2212 1194 2278 humiles
1310 2230 1311 2299 j

188 2305 222 2367 et
244 2299 373 2365 obscuri
394 2320 497 2383 neque
521 2320 632 2364 eorum
655 2298 787 2381 similes,
810 2303 847 2363 ut
870 2300 954 2385 apud
973 2300 1115 2366 Ennium
1134 2305 1194 2385 est,

232 2386 306 2465 Qui
327 2388 386 2453 sui
409 2390 595 2472 quaestus
619 2390 735 2452 causa
757 2386 875 2453 fictas
899 2389 1094 2454 suscitant
1112 2411 1194 2454 sen·

946 2477 1092 2542 tentius

187 2567 244 2632 sed
267 2565 347 2632 clari
369 2568 403 2630 et
424 2566 628 2650 praestantes
651 2564 722 2648 viri,
745 2565 801 2649 qui
824 2564 937 2630 avibus
962 2569 995 2630 et
1018 2527 1120 2652 signis
1140 2566 1193 2631 ad·
1207 2586 1235 2627 ss
1310 2546 1311 2561 ¹

188 2654 303 2720 moniti
326 2653 437 2718 futura
460 2652 623 2736 dicebant3
645 2674 783 2737 quorum
806 2654 845 2718 de
867 2654 971 2718 altero
990 2654 1090 2718 etiam
1108 2655 1195 2740 apud

187 2743 309 2808 inferos
331 2740 493 2806 Homerus
521 2740 568 2804 ait
595 2737 734 2806 ‘solum
762 2762 911 2826 sapere,
938 2745 1091 2808 ceteros
1118 2766 1194 2808 um-

187 2832 341 2897 brarum
364 2829 500 2915 vagari
523 2828 664 2913 modo'3
686 2829 922 2915 Amphiaraum
945 2834 1054 2896 autem
1073 2831 1120 2897 sic
1138 2831 1194 2897 ho

186 2919 317 2985 noravit
335 2919 423 2984 fama
438 2916 600 3000 Graeciae,
624 2917 701 2983 deus
719 2922 757 2983 ut
774 2918 957 3002 haberetur,
980 2922 1078 3003 atque
1096 2923 1134 2984 ut
1152 2920 1193 2985 ab

134 3021 168 3072 80
188 3008 256 3073 eius
276 3008 356 3091 solo,
373 3006 408 3071 in
426 3028 489 3091 quc
505 3009 555 3071 est
567 3005 731 3090 humatus,
749 3007 858 3072 oracla
870 3010 1064 3092 peterentur.
1088 3006 1193 3084 Quid?
1207 3027 1237 3067 eo

188 3096 287 3162 Asiae
313 3117 369 3161 rex
391 3094 540 3160 Priamus
567 3116 673 3160 nonne
696 3099 731 3160 et
751 3093 912 3160 Helenum
934 3095 1040 3160 filium
1063 3099 1096 3161 01
1119 3094 1194 3162 Oas-

188 3185 341 3252 sandram
363 3184 465 3249 filiam
489 3183 671 3249 divinantes
694 3183 849 3267 habebat,
876 3183 1016 3249 alterum
1039 3184 1194 3271 auguriis,

188 3274 326 3340 alteram
349 3272 467 3337 mentis
485 3272 675 3337 incitatione
694 3274 727 3335 et
743 3272 946 3356 permotione
964 3272 1096 3338 divina?
1123 3271 1193 3350 Quo

187 3362 222 3425 in
245 3381 362 3445 genere
381 3360 519 3426 Marcios
542 3360 701 3445 quosdam
722 3357 852 3444 fratres,
873 3360 978 3426 nobili
997 3360 1071 3427 loeo
1088 3365 1193 3444 natos,

188 3447 585 3619 1111111111
599 3446 884 3600 11111111
901 3448 1195 3602 11111111
1207 3466 1236 3508 ³⁵
