2652 3908
339 207 408 267 ΜΒ,
426 208 557 266 ucAP.
575 216 690 268 sr-se,
708 216 724 276 ,c
744 216 891 267 rae-141.
1040 243 1044 250 ·
1077 209 1120 274 97

112 351 304 418 diffunditur
331 356 365 419 et
392 354 526 439 spiritus
552 376 611 440 per
634 354 780 421 arterias.
824 352 991 440 Utraeque
1013 357 1123 421 autern

112 442 246 508 crebrae
268 442 454 528 multaeque
476 447 549 508 toto
567 464 700 529 corpure
718 443 862 514 intextae
879 443 947 509 vim
960 443 1123 529 quandam

110 529 335 597 incredibilem
349 530 517 597 artificiosi
529 531 636 618 operis
651 531 815 617 divinique
827 534 1000 597 testantur.
1026 529 1109 607 Quid
1124 543 1178 593 lua

112 618 220 685 dicam
250 619 301 684 dev
320 619 476 688 ossibus?
505 640 587 705 quae
619 620 765 685 subiecta
796 620 925 706 corpori
955 619 1122 686 mirabiles

83 707 344 773 ‘commissuras
373 707 500 797 habent
528 712 563 773 et
588 708 641 774 ad
657 708 872 774 stabilitatem
899 711 995 794 aptas
1021 708 1123 780 etad

111 800 205 861 artus
237 795 396 861 finiendos
429 796 692 863 adcommodatas
723 800 758 862 et
786 795 828 862 ad
858 799 985 863 motum
1017 800 1050 862 et
1082 797 1139 861 ad>

111 905 243 950 omnem
261 884 408 970 corporis
427 885 602 952 actionem..
632 884 706 952 Huc
725 885 806 950 adde
823 906 951 969 neruos,
969 907 992 953 a
1003 885 1121 970 quibus

100 975 206 1037 -artus
220 973 436 1057 continentur,
450 989 625 1058 eorumque
638 973 885 1059 inplicationem
899 994 1034 1059 corpore
1048 977 1121 1040 toto

72 1061 1175 1218 i{tllttuqtssttffittttfftitt“352³c

112 1172 292 1303 viddntiam
323 1174 463 1304 naturai)
492 1242 562 1305 tam
585 1239 773 1323 diligentem
798 1243 931 1325 tamus
953 1174 1175 1306 solledtem140

114 1324 248 1412 adiungi
269 1327 374 1392 multa
395 1331 542 1412 possunt,
564 1350 583 1393 e
605 1328 722 1413 quibus
739 1327 959 1414 intellegatur,
982 1332 1122 1413 quantae

112 1436 165 1479 res
187 1413 375 1481 hominibus
399 1415 517 1498 [adis]
542 1437 702 1501 quamque
725 1415 861 1482 eximiae
884 1416 1028 1483 tributae
1047 1417 1122 1482 sint.

112 1500 204 1578 Quae
233 1504 375 1588 primum
405 1525 459 1569 eos
488 1504 588 1570 humo
618 1505 776 1570 excitatos
805 1504 909 1571 celsos
936 1508 971 1570 et
997 1509 1121 1570 erectos

70 1607 97 1648 1⁶
111 1591 300 1675 eonstituit,
331 1595 369 1657 ut
396 1592 527 1658 deorum
557 1593 778 1679 cognitionem
804 1593 932 1659 caelum·
957 1591 1122 1658 intuentes

112 1701 231 1765 capere
251 1684 395 1766 possent.
440 1679 523 1746 Sunt
546 1681 631 1746 enim
654 1703 694 1746 ex
716 1684 805 1747 terra
826 1680 975 1749 homines
997 1702 1064 1747 non
1085 1685 1123 1746 ut

110 1768 240 1834 incolae
269 1772 366 1854 atque
393 1768 610 1854 habitatores,
642 1769 698 1834 red
725 1770 818 1854 quasi
845 1773 1045 1855 spectatores
1072 1791 1123 1835 su·

112 1878 267 1942 perarum
285 1861 510 1942 rerum'atque
529 1857 724 1941 caelestium,
747 1879 885 1943 quarum
902 1858 1122 1944 spectaculum

113 1945 155 2010 ad
182 1945 311 2010 nullum
337 1945 425 2011 aliud
439 1966 549 2031 *genus
571 1945 786 2012 animantium
802 1946 957 2033 ,pertinet
991 1943 1121 2035 ¹Sensus

69 2050 97 2090 ω
113 2038 225 2099 autem
247 2033 509 2120 interpretesac·
525 2035 632 2100 nuntii
650 2057 757 2100 rerum
775 2035 811 2100 in
828 2035 935 2120 capite
953 2038 1122 2121 tamquam

111 2124 147 2188 in
174 2142 248 2188 arce
274 2121 410 2188 mirifice
437 2122 479 2188 ad
504 2145 582 2189 usus
609 2124 807 2190 necessarios
834 2127 868 2188 et
889 2123 969 2190 facti
993 2127 1026 2189 et
1048 2145 1121 2190 con·

111 2210 214 2276 locati
236 2214 336 2276 sunt·
355 2208 442 2276 Nam
465 2212 549 2277 oculi
571 2216 741 2297 tamquam
763 2212 982 2298 speculatores
1000 2199 1214 2327 altiss]

111 2322 204 2365 mum
233 2299 341 2366 locum
370 2299 534 2385 obtinent,
564 2322 603 2366 ex
630 2321 694 2385 quo
721 2300 864 2386 plurima
877 2301 1121 2387 conspicientes

109 2387 292 2473 fungantur
310 2409 532 2472 suomunere3
555 2393 588 2454 et
605 2410 708 2472 aures,
726 2411 800 2458 cum
818 2410 933 2454 sonum
946 2390 1112 2475 percipere
1123 2404 1174 2453 141⁴

69 2492 98 2532 ¹⁵
111 2476 262 2559 debeant,
285 2475 341 2562 qui
361 2479 481 2542 natura
504 2476 563 2558 [in]
588 2477 736 2543 sublime
747 2476 860 2561 fertur,
882 2482 968 2543 recte
991 2478 1026 2543 in
1044 2478 1122 2543 altis

111 2586 285 2650 corporum
308 2565 460 2650 partibus
480 2566 656 2631 collocatae
679 2570 768 2650 sunt3
796 2566 940 2651 itemque
961 2587 1056 2635 nares
1080 2570 1122 2650 et,

111 2653 201 2738 quud
222 2653 330 2719 omnis
353 2653 433 2718 odor
456 2653 497 2719 ad
519 2675 637 2740 supera
657 2653 770 2737 fertur,
793 2659 880 2720 recte
899 2675 1027 2720 sursum
1046 2658 1122 2719 sunt

111 2745 155 2826 et,
177 2740 266 2828 quod
288 2741 357 2807 cibi
374 2744 408 2807 et
425 2742 569 2827 potionis
586 2742 740 2808 iudicium
759 2764 915 2828 magnum
932 2764 1044 2807 earum
1062 2747 1122 2826 est,

110 2852 180 2897 non
211 2829 281 2896 sine
313 2852 410 2896 causa
438 2831 640 2896 vicinitatem
668 2833 733 2896 oris
758 2834 890 2897 secutae
917 2834 1003 2901 sunt.
1051 2830 1136 2895 Iam

71 2935 98 2976 ω
112 2922 280 3006 gustatus,
303 2919 360 3003 qui
380 2919 501 2985 sentire
524 2941 649 3004 eorum,
672 2919 789 3004 quibus
811 2918 981 3003 vescimur,
1003 2941 1123 3007 genera

111 3007 220 3092 debet,
240 3007 372 3073 habitat
392 3007 428 3072 in
450 3028 488 3073 ea
509 3012 604 3093 parte
627 3008 706 3090 oris,
730 3031 795 3094 qua
817 3007 988 3074 esculentis
1012 3012 1045 3073 et
1067 3030 1121 3094 pc·

112 3095 249 3162 tuleritis
272 3095 335 3160 iter
356 3100 475 3161 natura
496 3096 658 3181 patefecit.
694 3096 815 3162 Tactus
838 3099 948 3162 autem
965 3099 1036 3163 toto
1055 3117 1122 3163 eor·

110 3206 191 3270 pore
213 3184 430 3270 aequabiliter
450 3183 549 3250 fusus
566 3188 625 3270 est,
647 3189 684 3250 ut
707 3206 819 3251 ornnes
841 3185 926 3250 ictus
945 3206 1121 3270 omnesque
1168 3258 1171 3279 ι
1197 3186 1199 3190 ’

111 3272 266 3339 minimos
290 3277 323 3338 et
344 3272 478 3360 frigoris
501 3277 534 3339 et
557 3273 674 3339 caloris
698 3274 853 3358 adpulsus
877 3272 997 3338 sentire
1019 3274 1121 3359 possi·
1152 3298 1171 3361 j

71 3370 216 3428 amus'
239 3361 349 3447 Atque
379 3365 418 3426 ut
447 3361 483 3426 in
515 3361 668 3428 aedificiis
700 3361 867 3428 architecti
898 3365 1050 3428 avertunt
1079 3361 1174 3451 abs,

110 3449 215 3516 oculis
237 3450 435 3534 naribusque
458 3449 661 3517 dominorum
685 3472 731 3533 ea,
755 3471 838 3539 quae
855 3449 1051 3536 profluentia
1067 3472 1121 3514 ne
1155 3438 1181 3506 'l

110 3539 254 3606 cessario
278 3539 377 3603 taetri
398 3542 507 3603 essent
530 3538 651 3623 aliquid
673 3537 836 3622 habitura,
849 3540 904 3606 sio
925 3542 1046 3603 natura
1067 3558 1137 3607 res.

164 3650 304 3693 o10.1v.s
889 3654 904 3692 u
