2654 3924
167 180 234 245 282
529 180 578 234 DE
596 180 645 235 RE
664 179 820 236 PUBLICA
843 174 845 180 ’

167 330 290 409 natam,
308 329 384 410 post
404 329 513 391 autem
533 326 574 392 ab
592 324 728 391 Eudoxo
748 324 872 408 Cnidio,
896 324 1064 410 discipulo,
1082 330 1120 389 ut
1138 324 1187 389 fe·

167 415 276 498 rebat,
299 413 462 499 Platonis,
491 414 624 480 eandem
647 414 741 479 illam
765 413 864 479 astris
888 414 1071 498 stellisque,
1100 432 1185 498 quae

168 530 196 582 p.
211 505 259 584 ee]
278 502 368 568 caelo
384 502 601 587 inhaererent,
620 501 700 589 es}se
714 502 925 588 descriptam
948 502 1039 568 cuius
1054 524 1185 569 omnem

169 595 321 657 ornatum
344 595 378 656 et
401 590 650 677 descriptionem
673 594 839 676 sumptam
858 591 899 657 ab
914 589 1049 657 Eudoxo
1069 591 1185 656 multis

107 696 109 700 ·
169 680 263 745 annis
286 684 363 765 post
384 700 452 745 non
474 679 674 766 astrologiae
698 679 846 764 scientia,
875 679 931 744 sed
953 680 1083 766 po'e‘tica
1106 698 1214 764 qua-⁵

169 768 244 834 dam
265 768 424 834 facultate
446 769 594 834 versibus
618 767 759 834 Aratum
782 768 946 834 extulisse.
977 767 1050 834 Hoc
1072 773 1184 833 autem

169 857 327 941 sphaerae
350 877 463 943 genus,
485 857 520 922 in
544 879 608 941 quo
632 858 711 922 solis
736 860 770 922 et
791 857 887 922 lunae
910 860 1019 922 motus
1038 857 1184 922 inessent

169 951 202 1010 et
230 967 341 1011 earum
370 945 511 1029 quinque
540 946 725 1030 stellarum,
753 967 835 1030 quae
863 950 1009 1011 errantes
1033 948 1066 1011 et
1089 946 1185 1030 quasi

171 1055 273 1120 vagae
300 1034 561 1116 nominarentur,
589 1034 624 1099 in
650 1034 711 1099 illa
738 1034 880 1119 sphaera
906 1034 1012 1100 solida
1038 1056 1105 1100 non
1126 1056 1184 1120 po·

171 1122 272 1188 tuisse
295 1122 392 1205 finiri,
416 1126 514 1207 atque
536 1122 571 1187 in
594 1144 632 1188 eo
657 1122 882 1188 admirandum
906 1136 977 1188 esse
994 1120 1182 1209 inventuml
1199 1139 1226 1178 1⁰

167 1239 195 1290 p.
215 1213 262 1292 ee]
286 1210 485 1295 Archimedi,
510 1210 596 1296 quod
619 1211 846 1298 excogitasset,
870 1233 966 1296 quem
990 1211 1182 1277 admodum

167 1300 203 1364 in
226 1299 455 1364 dissimillimis
479 1300 623 1365 motibus
647 1299 870 1385 inaequabiles
889 1304 923 1365 et
940 1300 1050 1366 varios
1069 1322 1183 1365 cursus

169 1392 315 1454 servaret
340 1409 407 1453 una
434 1388 611 1454 conversio.
651 1387 745 1455 Hanc
773 1389 946 1474 sphaeram
969 1387 1182 1455 Galluscum

59 1515 61 1520 ·
167 1481 327 1560 moveret,
354 1477 467 1560 fiebat,
493 1481 531 1542 ut
558 1477 621 1542 soli
648 1477 727 1542 luna
754 1478 893 1543 totidem
915 1478 1182 1543 conversionibus

167 1566 202 1630 in
225 1586 298 1631 aere
320 1565 390 1649 illo,
413 1569 494 1651 quot
517 1565 629 1631 diebus
653 1566 688 1630 in
710 1566 783 1651 ipso
803 1566 903 1651 caelo,
926 1565 1120 1652 succederet,
1143 1589 1182 1632 ex
1197 1583 1223 1622 1⁵

168 1676 232 1739 quo
260 1657 294 1719 et
320 1655 355 1718 in
383 1654 500 1736 [caelo]
532 1654 672 1740 sphaera
694 1655 774 1720 solis
797 1655 891 1720 fieret
913 1653 1025 1720 eadem
1048 1654 1109 1719 illa
1131 1654 1182 1721 de·

166 1742 265 1809 sectio
285 1746 318 1807 et
335 1742 492 1809 incideret
510 1743 589 1808 luna
606 1747 678 1808 tum
696 1743 731 1807 in
750 1765 822 1808 eam
840 1747 971 1827 metam,
995 1765 1077 1828 quae
1096 1748 1182 1808 esset

166 1832 283 1897 umbra
306 1836 422 1915 terrae,
445 1853 519 1897 cum
542 1832 592 1897 sol
617 1853 634 1897 e
657 1832 790 1918 regione
814 1884 821 1898 .
845 1883 852 1896 .
877 1880 884 1897 .
908 1883 915 1896 .

116 2023 158 2087 15
310 1954 397 2036 [Octo
413 1956 552 2039 popinae
573 1954 623 2021 hie
644 1977 670 2020 a·
686 1956 779 2022 Maio
801 1954 1035 2038 desiducmm

113 2100 148 2150 23
167 2091 195 2142 p.
214 2064 262 2144 es]
331 2061 519 2144 ....fuit,
550 2060 637 2146 quod
664 2061 790 2146 etipse
813 2060 980 2128 hominem
1003 2060 1181 2148 diligebam

167 2155 201 2215 et
229 2150 265 2214 in
295 2149 411 2236 primis
443 2149 531 2234 patri
563 2171 636 2215 meo
665 2148 770 2215 Paulo
801 2150 978 2236 probatum
1007 2154 1041 2216 et
1070 2171 1181 2216 aarum
1194 2169 1219 2208 ²0

166 2238 268 2304 fuisse
296 2259 521 2324 cognoveram.
561 2236 696 2303 Memini
723 2261 777 2304 me
801 2238 975 2304 admodum
998 2238 1180 2305 adulescen-

166 2327 248 2411 tulo,
271 2348 344 2391 cum
366 2330 461 2413 pater
484 2326 519 2391 in
536 2324 726 2393 Macedonia
749 2327 862 2393 consul
881 2331 968 2393 esset
986 2332 1020 2393 et
1037 2348 1180 2393 essemus

166 2415 202 2480 in
224 2414 355 2500 castris,
383 2415 571 2501 perturbari
593 2416 771 2481 exercitum
793 2418 943 2482 nostrum
965 2415 1125 2503 religione
1148 2421 1180 2481 et

167 2506 266 2587 metu,
290 2504 377 2588 quod
399 2525 513 2569 serena
535 2508 630 2571 noete
650 2505 759 2570 subito
778 2503 917 2571 candens
937 2507 972 2570 et
987 2504 1086 2590 plena
1103 2505 1181 2572 luna

168 2592 347 2659 defecisset.
388 2590 472 2657 'lum
497 2592 569 2678 ille,
596 2615 669 2658 cum
697 2593 827 2680 legatus
849 2596 962 2659 noster
985 2596 1073 2658 esset
1095 2616 1179 2660 anno
1192 2612 1218 2653 2⁵

167 2711 194 2762 p.
214 2683 261 2762 eo]
289 2681 358 2746 fere
387 2684 476 2766 ante,
503 2681 509 2766 Ι
536 2702 634 2767 quam
658 2681 771 2747 consul
794 2685 845 2746 est
867 2681 1065 2758 declaratus,
1094 2681 1181 2748 haud

167 2769 331 2836 dubitavit
348 2770 506 2855 postridie
524 2769 636 2857 palam
653 2770 688 2835 in
706 2769 823 2836 castris
842 2769 956 2836 docere
968 2769 1096 2836 nullum
1111 2792 1180 2837 esse

166 2858 367 2946 prodigium,
394 2858 491 2943 idque
519 2862 553 2924 et
579 2863 650 2923 turn
677 2857 802 2924 factum
829 2879 901 2924 esse
924 2863 958 2924 et
980 2858 1078 2926 certis
1101 2864 1179 2947 tenr-

166 2946 302 3032 porihus
335 2955 406 3012 e'sse
438 2968 565 3032 semper
596 2946 758 3032 futurum,
788 2969 863 3014 cum
895 2947 946 3013 sol
977 2947 1026 3012 ita
1052 2947 1178 3014 locatus

166 3034 297 3120 fuisset,
326 3039 364 3100 ut
393 3036 505 3101 lunam
535 3057 593 3101 suo
624 3036 746 3100 lumine
772 3058 840 3102 non
866 3039 979 3121 posset
1008 3035 1178 3123 attingere,
1192 3055 1217 3095 sc

167 3123 233 3188 Ain
259 3123 414 3189 tandem?
441 3122 549 3208 inquit
571 3122 715 3210 Tubero,
742 3123 857 3191 docere
883 3124 946 3191 hoc
970 3127 1101 3210 poterat
1122 3124 1178 3191 ille

166 3211 316 3278 homines
347 3234 450 3298 paene
484 3216 630 3298 agrestes
661 3215 694 3278 et
727 3212 814 3299 apud
842 3213 1013 3298 imperitos
1041 3213 1180 3279 audebat

166 3299 247 3366 haec
270 3300 397 3366 dicere?
425 3300 459 3366 S.
476 3299 538 3365 Ille
561 3322 638 3367 vero
662 3305 696 3366 et
718 3323 840 3388 magna
862 3301 993 3388 quidem
1015 3323 1089 3367 eum
1104 3354 1130 3367 ..

204 3424 282 3505 [Hic
304 3424 396 3490 Muto
418 3425 498 3490 duce
519 3426 687 3491 minimam
704 3427 842 3508 meinos
862 3426 1006 3491 videntur
1027 3427 1146 3507 deesse]

114 3523 194 3591 ²41>-
214 3514 262 3594 sl]
291 3531 387 3595 aeque
412 3509 566 3600 taleolens
595 3515 773 3579 ostentatio
801 3534 905 3598 neque
931 3513 1041 3579 'oratio
1065 3513 1215 3579 abhor-as
