2652 3908
350 214 419 270 ΜΒ.
437 216 486 270 111.
506 215 582 271 CAP.
603 222 716 272 17-19.
735 221 750 283 s
768 221 883 271 rs-sa
1055 215 1119 280 123

112 360 277 426 munides?
318 358 407 435 Quae
430 359 460 425 si
482 360 560 426 deae
584 363 669 445 sunt,
694 382 830 444 quarum
854 363 889 426 et
911 359 1051 426 Athenis
1073 359 1120 426 ia·

109 472 187 515 num
210 452 261 514 est
284 452 318 514 et
341 448 427 534 apud
448 470 518 533 nos,
540 451 579 514 ut
601 470 663 535 ego
685 447 893 534 interpretor,
916 448 1007 515 lucus
1029 446 1120 513 Furi-

110 559 179 620 nae,
201 535 319 602 Furiae
338 536 415 602 deae
434 541 520 621 sunt,
543 537 782 622 speculatrices,
805 537 909 620 oredo,
932 541 965 602 et
977 536 1120 603 vindices

111 626 291 691 facinorum
314 629 348 690 et
371 625 510 690 sceleris.
547 623 668 701 Quodsi
686 625 770 693 tales
790 625 841 691 dei
860 629 945 708 sunt,
967 629 1004 690 ut
1023 627 1119 690 rebus
1139 639 1173 689 47

74 735 87 775 s
112 713 263 779 humanis
281 713 443 797 intersint,
466 712 568 779 Natio
591 735 718 799 quoque
737 714 798 779 dea
814 713 960 799 putanda
979 717 1038 798 est,
1061 713 1121 798 cui,

112 825 184 868 cum
210 801 288 867 fana
315 801 520 868 circumimus
548 802 583 866 in
606 823 686 888 agro
709 801 858 886 Ardeati,
886 823 955 867 rom
979 802 1122 867 divinam

111 891 216 957 facere
235 889 393 974 solemus3
416 912 499 974 quae
518 890 594 974 quia
612 894 726 976 partus
744 895 968 956 matronarum
983 894 1122 974 tueatur,

112 978 362 1044 enascentibus
385 976 486 1043 Natio
508 977 678 1044 nominata
700 983 759 1044 est.
799 975 850 1045 Ea
873 979 901 1044 si
924 979 984 1044 dea
1007 982 1066 1063 est,
1089 978 1122 1044 di

113 1088 224 1133 omnes
247 1066 307 1150 illi,
331 1066 387 1152 qui
410 1066 749 1132 commemorabantur
769 1089 789 1132 a
807 1071 849 1151 te,
872 1064 995 1153 Honos,
1018 1066 1123 1150 Fides,

35 1162 37 1167 ’
74 1174 99 1214 ιο
112 1156 212 1240 Mens,
235 1153 424 1240 Concordia,
447 1177 526 1242 ergo
550 1155 649 1221 etiam
672 1154 764 1242 Spes,
784 1154 918 1221 Moneta
941 1156 1122 1241 omniaque,
1243 1152 1247 1166 ¹

113 1265 194 1329 quae
213 1244 411 1330 cogitatione
429 1243 594 1309 nobismet
607 1243 671 1329 ipsi
684 1245 857 1329 possumus
870 1244 1002 1331 fingere.
1030 1242 1120 1320 Quod

113 1333 141 1397 si
163 1332 232 1398 veri
255 1332 361 1396 simile
383 1336 527 1416 nonest,
549 1353 590 1398 ne
608 1332 691 1398 illud
710 1331 839 1417 quidem
858 1336 918 1415 est,
941 1332 1021 1398 haec
1038 1332 1122 1398 unde

112 1421 282 1486 fluxerunt.
328 1418 411 1496 Quid
434 1423 543 1486 autem
566 1420 655 1504 dicis,
678 1420 706 1485 si
730 1420 762 1485 di
785 1423 862 1485 sunt
883 1420 943 1505 illi,
967 1442 1049 1506 quos
1072 1420 1174 1487 00219

111 1510 210 1574 limus
237 1511 272 1573 et
298 1507 493 1593 accepimus,
521 1530 578 1574 cur
603 1530 670 1575 non
697 1509 810 1575 eodem
833 1508 867 1573 in
891 1530 1008 1595 genere
1031 1506 1123 1575 Sera·

73 1617 99 1656 rs
112 1598 181 1683 pim
202 1595 345 1681 Isimque
372 1597 601 1663 numeremus?
631 1596 717 1682 quod
743 1597 771 1662 si
793 1596 944 1682 iacimus,
972 1618 1029 1663 cur
1051 1598 1123 1662 bar·

111 1688 265 1752 baronum
298 1684 375 1751 deos
406 1684 635 1771 repudiemus?
680 1684 786 1751 Boves
818 1685 921 1772 igitur
953 1689 986 1751 et
1014 1706 1123 1770 equos,

112 1774 185 1859 ibis,
204 1773 383 1859 accipitres,
402 1773 542 1859 aspidas,
561 1773 749 1858 crocodilos,
767 1774 881 1859 pisces,
900 1795 1004 1858 canes,
1018 1774 1124 1859 lupos,

111 1863 217 1946 faelis,
236 1863 358 1927 multas
375 1866 546 1947 praeterea
563 1861 677 1927 beluas
696 1862 878 1928 iudeorum
891 1883 1061 1927 numerum
1075 1883 1123 1927 re-

113 1971 279 2036 ponemus.
324 1948 413 2026 Quae
436 1950 465 2016 si
487 1950 672 2033 reiciamus,
695 1950 754 2015 illa
777 1972 913 2036 quoque,
936 1951 1020 2015 unde
1043 1951 1124 2017 haec

72 2058 100 2097 20
113 2043 193 2105 nata
215 2042 303 2123 sunt,
331 2038 510 2105 reiciemus.
555 2036 639 2114 Quid
662 2038 798 2104 deinde?
825 2037 884 2104 Ino
908 2039 968 2103 dea
991 2039 1175 2105 ducaturus

113 2132 147 2193 et
169 2125 345 2193 Λευκοθέα
368 2150 388 2192 a
411 2126 557 2212 Graecis,
580 2150 600 2192 a
621 2127 716 2193 nobis
739 2126 869 2192 Matuta
892 2126 1028 2211 dicetur,
1052 2149 1124 2193 cum

113 2217 158 2283 sit
180 2214 294 2283 Cadmi
320 2215 403 2300 filia,
430 2213 523 2282 Circe
551 2220 659 2281 autem
683 2219 717 2280 et
738 2214 900 2300 Pasiphae
924 2219 957 2280 et
979 2214 1124 2281 Aeetae

112 2305 272 2388 Perseide,
295 2303 415 2370 Oceani
436 2304 515 2388 filia,
537 2304 617 2388 nati,
639 2307 733 2389 patre
752 2301 836 2387 Sole,
859 2303 893 2367 in
917 2302 1049 2370 deorum
1067 2326 1124 2370 nu·

113 2416 203 2460 mero
225 2414 292 2458 non
314 2392 545 2458 habebuntur?
569 2413 768 2477 quamquam
786 2389 900 2457 Circen
924 2414 1051 2477 quoque
1074 2414 1125 2458 co·

70 2500 99 2540 rs
113 2482 183 2548 loni
213 2480 319 2546 nostri
346 2479 543 2547 Circeienses
571 2481 725 2567 religiose
753 2480 873 2546 colunt.
922 2480 1012 2567 Ergo
1040 2480 1125 2547 hano

114 2571 207 2635 dcam
236 2567 353 2633 duces?
386 2568 463 2654 quid
485 2569 617 2634 Medeae
640 2568 866 2654 respondebiS,
893 2590 976 2652 quae
999 2568 1125 2634 duobus

115 2658 199 2739 avis,
227 2653 302 2721 Sole
326 2660 359 2721 et
382 2656 523 2740 Oceano,
550 2658 655 2723 Aeeta
676 2661 783 2743 patre,
810 2660 916 2722 matre
939 2656 1032 2742 Idyia
1053 2679 1126 2742 pro-

114 2747 225 2811 creata
252 2745 324 2809 est?
353 2745 430 2829 quid
456 2745 552 2810 huius
575 2745 722 2829 Absyrto
748 2744 859 2830 fratri,
887 2744 943 2830 qui
966 2748 1018 2810 cst
1040 2745 1125 2830 apud

38 2880 45 2891 .
114 2831 292 2898 Pacuvium
314 2830 515 2919 Aegialcus‘l
543 2834 599 2898 sed
624 2834 706 2898 illud
727 2856 847 2899 nomen
869 2837 1016 2899 veterum
1039 2833 1126 2898 litte·

71 2937 101 2980 ³⁰
115 2921 162 2987 ris
185 2920 348 2986 usitatius.
393 2919 456 2996 Qui
479 2921 507 2986 si
531 2921 563 2986 di
585 2926 763 3005 nunaunt,
790 2942 917 3005 vereor,
946 2922 1024 3007 quid
1047 2925 1126 3009 agat
1191 2984 1195 2989 .

113 3010 188 3094 Ino,
211 3009 291 3075 haec
314 3009 400 3074 eninr
423 3009 533 3075 omnia
556 3031 594 3076 ex
617 3009 731 3075 eodem
751 3010 842 3075 fonte
865 3011 1036 3076 fluxerunt.
1072 3011 1126 3075 An
1145 3022 1179 3072 49

115 3097 336 3183 Amphiaraus
360 3096 423 3162 crit
445 3098 522 3163 deus
546 3101 580 3164 et
593 3097 821 3182 Trophonius?
858 3096 974 3164 Nostri
997 3098 1127 3184 quidem

114 3185 294 3272 publicani,
317 3208 391 3253 oum
413 3190 523 3251 essent
545 3186 617 3273 agri
640 3186 674 3250 in
692 3185 830 3251 Boeotia
852 3186 986 3252 deorum
1008 3187 1127 3254 inmor-

114 3275 232 3341 talium
255 3274 381 3360 excepti
399 3274 472 3361 lege
491 3274 646 3359 censoria,
668 3276 835 3362 negabant
852 3273 1037 3343 inmortalis
1057 3297 1127 3342 osse

71 3377 100 3421 ⁸⁵
115 3364 215 3447 ullos,
249 3362 304 3448 qui
332 3362 507 3448 aliquando
534 3363 682 3429 homines
710 3363 858 3428 fuissent.
904 3361 967 3428 Sed
996 3363 1024 3429 si
1051 3368 1128 3429 sunt

113 3450 150 3517 hi
174 3451 215 3536 di,
238 3454 289 3516 est
306 3456 393 3518 certe
406 3448 619 3537 Erechtheus,
642 3451 731 3518 cuius
747 3450 886 3517 Athenis
906 3455 939 3516 et
958 3452 1127 3518 delubrum

113 3539 255 3605 vidimus
279 3543 312 3605 ct
335 3541 545 3607 sacerdotem
584 3540 687 3617 Quem
711 3540 740 3605 si
763 3539 858 3605 deum
879 3538 1027 3621 facimus,
1052 3538 1128 3622 quid
