2652 3908
375 234 443 289 run.
462 233 497 289 n
525 232 601 288 cAP.
619 240 734 289 eo-ae.
757 239 773 302 s
792 239 906 291 sr-sc
1105 235 1147 299 75

130 379 330 468 participem
358 377 496 445 rationis
524 381 623 464 atque
651 377 773 445 ordinis
799 382 969 464 tamquam
995 379 1050 446 via
1071 401 1148 466 pro·

132 469 338 557 gredientem
365 467 660 552 declarantemque,
693 466 771 553 quid
798 466 952 553 cuiusque
978 468 1027 534 rei
1049 489 1148 535 causa

132 557 266 642 efficiat,
285 555 365 642 qnid
382 559 546 641 sequatur,
564 555 655 622 cuius
673 554 857 621 sollertiam
868 556 962 621 nulla
974 577 1038 643 ars,
1055 557 1148 623 nulla

132 667 262 731 mansas,
279 665 377 711 nemo
395 643 504 730 opifex
522 642 677 730 consequi
694 643 802 731 possit
818 642 992 728 imitand03
1014 645 1147 711 seminis

98 735 223 801 eenim
249 733 318 800 vim
345 753 416 798 csse
437 735 580 817 tantam,
605 736 644 798 ut
665 731 712 817 id,
739 754 937 818 quamquam
960 732 1004 798 sit
1025 734 1148 820 perexi-

134 845 246 910 guum,
268 825 390 907 tamen,
413 820 443 886 si
463 819 613 887 inciderit
629 820 666 886 in
682 819 917 907 concipientem
932 821 1148 907 conprenden-

134 916 267 997 temque
299 912 451 976 naturam
482 912 702 994 nanctumque
730 909 775 975 sit
796 906 984 996 materiam,
1016 931 1080 996 qua
1103 910 1149 975 ali

135 1000 313 1086 augerique
335 997 450 1085 possit,
471 998 521 1064 ita
542 998 648 1084 fingat
670 1000 704 1063 et
726 996 847 1064 efficiat
868 998 904 1064 in
925 1019 985 1064 suo
1009 998 1149 1085 quidque

135 1110 269 1176 genere,
300 1086 424 1173 purtim
449 1090 487 1152 ut
513 1089 647 1153 tantum
671 1086 768 1152 modo
794 1108 854 1174 per
876 1085 995 1173 stirpes
1018 1087 1150 1153 alantur

92 1196 123 1238 rc
136 1199 228 1261 anas,
254 1175 378 1264 partim
404 1178 442 1241 ut
468 1175 592 1241 moveri
615 1174 715 1241 etiam
737 1177 772 1241 et
794 1175 916 1241 sentire
939 1178 973 1241 et
995 1179 1149 1262 appetere

135 1265 267 1353 possint
294 1268 328 1331 st
355 1286 395 1330 ex
421 1284 492 1330 sese
519 1263 640 1329 similia
663 1263 714 1330 sui
736 1263 880 1350 gignere.
924 1260 1008 1329 Sunt
1030 1267 1203 1349 autemst

136 1374 337 1508 tamlt
348 1352 635 1526 iuda,
646 1350 1150 1527 stultitiarum

137 1535 173 1597 et
193 1530 300 1615 inane,
323 1551 469 1616 quaeque
491 1528 544 1594 his
567 1491 724 1596 accidant.
760 1525 823 1594 Sed
842 1550 995 1595 noscam
1014 1528 1150 1596 dicimus

94 1642 122 1682 rs
135 1623 258 1685 natura
279 1621 429 1685 constare
451 1617 736 1702 administrarique
759 1617 925 1701 mundum,
946 1638 1014 1683 non
1035 1617 1084 1683 ita
1105 1617 1151 1683 di·

136 1708 251 1791 cimus,
273 1709 312 1772 ut
329 1706 481 1793 glaebam
499 1710 557 1773 aut
573 1705 795 1792 fragmentum
813 1705 932 1792 lapidis
951 1709 1009 1772 aut
1028 1705 1151 1791 aliquid

138 1796 208 1862 eius
236 1794 325 1860 modi
351 1795 444 1860 nulla
470 1794 663 1862 cohaerendi
689 1796 822 1880 natura,
851 1794 909 1860 sed
930 1796 969 1859 ut
991 1794 1151 1878 arborem,

136 1889 175 1951 ut
194 1883 326 1968 animal,
348 1883 383 1948 in
401 1883 519 1968 quibus
537 1883 630 1950 nulla
647 1883 825 1969 temeritas,
844 1882 902 1949 sed
920 1882 999 1949 ordo
1014 1887 1151 1970 apparet

137 1978 173 2040 et
195 1972 277 2039 artis
301 1971 459 2057 quaedam
482 1971 671 2038 similitudo.
1162 2024 1205 2089 33

96 2084 124 2125 so
205 2059 329 2138 Quodsi
351 2082 399 2146 ea,
422 2082 505 2146 quae
522 2083 543 2127 a
560 2065 649 2126 terra
666 2060 825 2145 stirpibus
839 2060 1057 2146 continentur,
1079 2063 1152 2126 arte
1170 2102 1205 2152 33

137 2154 275 2216 naturae
303 2148 419 2215 vivunt
448 2152 482 2215 et
508 2148 634 2235 vigent,
662 2149 809 2234 profecto
832 2149 905 2236 ipsa
927 2153 1017 2216 terra
1039 2148 1152 2215 eadem

137 2239 173 2304 ri
201 2238 388 2305 continetur
418 2239 503 2319 [arte
529 2240 694 2323 naturae],
726 2237 846 2324 quippe
874 2259 957 2324 quae
979 2237 1153 2325 gravidata

139 2327 319 2392 seminibus
350 2325 460 2392 omnia
491 2325 601 2413 pariat
632 2329 666 2391 et
695 2325 812 2391 fundat
844 2347 883 2393 ex
915 2347 999 2412 sese,
1031 2325 1152 2412 stirpes
1225 2384 1232 2399 ,

139 2416 291 2501 amplexa
314 2414 383 2480 alat
405 2418 439 2479 et
461 2418 581 2501 augeat
602 2415 739 2501 ipsaque
762 2415 870 2480 alatur
892 2414 1036 2481 vicissim
1058 2437 1079 2481 a
1102 2435 1152 2480 su·

97 2523 125 2565 rs
140 2504 228 2590 peris
247 2502 452 2588 externisque
469 2503 606 2569 naturis.
641 2502 859 2588 Eiusdemque
879 2502 1152 2655 exspirationibus
1184 2584 1186 2587 v

140 2596 174 2657 et
197 2597 254 2658 air
276 2591 377 2658 alitur
399 2595 433 2658 et
454 2592 568 2657 aether
591 2596 624 2657 et
642 2591 752 2657 omnia
769 2612 896 2678 supera
949 2595 994 2675 ta,
1016 2590 1046 2657 si
1063 2595 1154 2657 terra

139 2685 259 2746 natura
275 2683 406 2745 tenetur
425 2683 458 2746 et
475 2680 576 2767 riget,
599 2680 711 2745 eadem
728 2679 814 2746 ratio
832 2679 868 2744 in
886 2678 1013 2765 reliquo
1031 2679 1153 2746 mundo

141 2773 204 2854 est,
231 2767 351 2855 stirpes
379 2768 464 2834 enim
491 2772 598 2835 terrae
625 2768 810 2855 inhaerent,
837 2767 1021 2835 animantes
1043 2773 1153 2835 autem

141 2856 362 2944 adspiratione
390 2856 474 2922 a‘e‘ris
503 2856 717 2942 sustinentur,
744 2856 878 2944 ipseque
905 2860 963 2924 atr
982 2857 1152 2923 nobiscum

97 2964 127 3008 ro
141 2946 243 3031 videt,
273 2944 443 3012 nobiscum
475 2945 580 3031 audit,
611 2946 782 3013 nobiscum
815 2949 923 3031 sonat;
953 2945 1039 3012 nihil
1067 2945 1153 3012 enim

141 3056 254 3102 eorum
281 3033 351 3100 sine
378 3054 416 3100 eo
442 3033 515 3100 fieri
540 3037 665 3121 potest3
692 3035 771 3119 quin
798 3034 899 3101 etiam
926 3033 1076 3102 movetur
1096 3055 1154 3100 no·

141 3124 282 3208 biscum3
305 3142 506 3209 quacumque
529 3122 617 3188 enim
638 3123 733 3207 imus,
755 3145 958 3209 quacumque
977 3144 1154 3207 moremur,

140 3212 270 3278 videtur
293 3210 387 3297 quasi
409 3209 517 3278 locum
540 3210 616 3277 dare
639 3215 674 3277 et
696 3211 816 3278 cedere.
856 3209 1009 3298 Quaeque
1031 3210 1067 3278 in
1088 3232 1154 3277 me·
1172 3221 1208 3274 84

142 3299 232 3366 dium
255 3300 365 3366 locum
387 3298 507 3383 mundi,
530 3299 587 3384 qui
609 3302 660 3364 est
681 3299 822 3386 infirnus,
845 3304 879 3366 et
902 3321 985 3386 quae
1008 3298 1153 3366 emedio

101 3388 177 3542 reip
203 3408 366 3542 supferumt
382 3407 535 3474 quaeque·
549 3388 759 3542 cppveqpione
781 3389 931 3542 rodindfafi
945 3388 1067 3542 circpm
1089 3410 1153 3455 me

176 3499 232 3542 mn
269 3497 405 3542 erunur
435 3497 651 3542 acconen
685 3497 819 3542 mnrun
875 3497 1005 3543 ecrun
1042 3497 1153 3543 unam·

142 3586 205 3647 que
222 3567 385 3631 naturam
403 3526 466 3629 ’Et
483 3585 557 3631 cnm
575 3568 732 3650 quattuor
749 3584 868 3650 genera
886 3564 954 3629 sint
971 3585 1153 3650 corporum,
