2652 3920
369 229 437 285 uns.
455 231 491 286 Π.
514 229 591 286 ιιι.
611 235 725 287 as-as.
748 236 896 297 ssu-eo.
1073 231 1137 296 217

128 374 212 442 (lum
237 375 340 463 igitur
362 373 426 440 hoc
448 375 570 440 animal
593 379 663 440 tam
686 375 731 440 sit
752 395 908 440 canorum
931 396 991 442 sua
1013 379 1139 463 sponte,

130 464 269 568 quidm
295 466 438 529 mentem
464 462 555 528 venit
581 461 778 530 Callistheni
805 462 909 529 dicere
936 464 1013 530 deos
1041 466 1139 552 gallis

129 553 261 639 ¹signum
283 551 409 617 dedisse
431 551 594 637 cantandi,
616 573 689 618 cum
711 551 746 616 id
767 551 897 617 velt
838 555 897 617 nst
898 573 958 617 ura
974 553 1027 619 vel
1046 575 1139 619 casus

129 640 257 707 efficere
279 639 463 726 potuisset?
728 678 731 683 ,
1149 690 1191 756 27

99 747 116 790 s
196 726 361 815 Sanguine
387 728 510 815 pluisse
537 728 665 794 senatui
686 727 874 795 nuntiatum
896 732 960 813 est,
983 729 1192 819 Atratumgg

129 817 230 884 etiam
250 817 385 883 fluvium
402 817 534 882 fluxisse
552 815 720 918 sanguine,
740 815 873 882 deorum
891 816 1070 884 sudasse
1044 840 1141 884 armu-

129 907 228 973 lacra.
272 904 361 971 Num
383 926 494 972 censes
516 905 569 971 his
590 905 714 970 nuntiis
737 904 864 971 Thalen
887 911 945 971 ιιιι
967 906 1141 995 Anaxago·

129 998 274 1061 ranaut
301 1015 496 1096 quemquam
517 992 688 1096 physicum
710 994 909 1059 crediturum
931 993 1055 1062 fuisse?
1082 1018 1141 1062 nec

130 1083 217 1149 enim
240 1082 374 1169 sanguia
395 1104 456 1149 nec
473 1082 621 1148 sudor
588 1081 652 1147 msi
670 1103 688 1148 e
706 1103 851 1168 corpore.
882 1080 998 1149 Sedet
1016 1084 1141 1151 decolo-

91 1190 117 1231 ιο
131 1172 218 1238 ιιιιο
246 1171 405 1255 quaedam
427 1192 467 1236 ex
489 1170 600 1255 aliqua
621 1170 815 1257 contagione
838 1175 969 1237 terrena
990 1194 1141 1239 maxume
1222 1191 1244 1229 ἰ

130 1263 244 1347 potest
265 1258 417 1346 sangnini
439 1259 556 1324 similis
579 1280 660 1342 esse,
683 1265 717 1324 et
738 1281 832 1325 umor
851 1260 1004 1346 adlapsus
1023 1263 1142 1326 extrin-

131 1370 233 1432 secus,
254 1353 292 1414 ut
313 1347 349 1413 in
370 1347 517 1414 tectoriis
534 1347 681 1412 ridemus
700 1352 822 1431 austro,
845 1349 996 1414 sudorem
1013 1350 1142 1416 videtur

129 1436 263 1503 imitari.
304 1436 414 1521 Atque
440 1435 578 1501 haeum
600 1435 689 1501 hello
711 1436 808 1521 plura
830 1440 864 1501 et
887 1437 1012 1503 maiora
1034 1438 1142 1504 viden·

130 1531 186 1592 tur
214 1524 420 1608 timentibus,
449 1524 563 1590 eadem
590 1545 658 1589 non
684 1528 753 1590 tam
783 1525 1086 1592 animadvertuntur
1107 1527 1143 1591 in

89 1631 118 1674 rs
131 1635 224 1701 pace3
251 1613 375 1680 accedit
400 1612 484 1679 illud
510 1612 624 1696 etiam,
651 1612 738 1697 quod
764 1612 799 1677 in
825 1617 915 1678 metu
942 1618 975 1679 et
997 1614 1141 1700 periculo

130 1725 205 1769 cum
228 1702 402 1768 creduntur
423 1701 567 1787 facilius,
589 1704 660 1766 tum
682 1702 852 1787 finguntur
873 1702 1035 1787 inpunius.
1070 1702 1141 1769 Nos
1159 1715 1195 1765 ov

131 1795 242 1859 autem
264 1791 313 1856 ita
335 1791 422 1856 leves
446 1794 544 1875 atque
565 1789 797 1856 inconsiderati
815 1811 936 1875 sumus,
958 1795 1004 1876 ut,
1028 1793 1056 1857 si
1074 1815 1142 1857 mu·

131 1901 184 1947 rss
210 1879 408 1946 corroserint
435 1878 572 1963 aliquid,
600 1900 737 1964 quorum
765 1881 817 1943 est
843 1899 925 1965 opus
947 1879 1010 1946 hoc
1032 1900 1142 1963 unum,

132 1971 315 2035 monstrum
334 1967 507 2053 putemus?
534 1966 621 2032 Ante
638 1987 716 2033 vero
729 1965 905 2033 Marsicum
918 1968 1041 2034 bellurn
1056 1969 1143 2054 quod

89 2057 254 2143 melipeos
276 2055 427 2140 Lanuvii,
450 2060 488 2121 ut
510 2078 530 2121 a
551 2060 586 2120 te
609 2055 730 2121 dictum
753 2060 816 2140 est,
843 2077 952 2122 mures
973 2058 1142 2141 rosissent,

132 2167 320 2212 muumum
332 2144 366 2209 id
379 2147 568 2230 portentum
580 2143 769 2229 haruspices
783 2165 855 2210 esse
868 2143 1030 2229 dixerunt3
1049 2147 1143 2232 quasi

132 2256 209 2301 vero
238 2234 410 2318 quiequam
437 2233 582 2316 intersit,
614 2254 722 2298 mures
750 2232 835 2298 diem
861 2237 991 2300 noctem
1018 2234 1143 2320 aliquid

132 2322 283 2390 rodentes
306 2325 400 2389 scuta
422 2344 464 2387 an
486 2321 594 2387 cribra
616 2321 825 2387 corroserint!
858 2320 946 2388 Nam
966 2323 995 2388 si
1012 2323 1078 2389 ista
1095 2345 1143 2390 ss·

133 2411 272 2497 quimnr,
295 2410 381 2495 qnod
398 2409 548 2476 Platonis
566 2408 711 2475 Politian
731 2431 835 2497 nuper
858 2410 944 2496 apud
964 2433 1016 2477 me
1034 2433 1143 2478 mures

92 2514 119 2556 ιι
133 2503 350 2583 corroserumt,
373 2499 413 2563 de
435 2520 471 2564 re
493 2498 625 2584 publica
648 2498 744 2564 debui
766 2499 1003 2584 pertimescere,
1025 2504 1092 2585 ant,
1114 2501 1144 2565 si

132 2587 195 2672 Ep
185 2587 267 2653 rcuri
289 2587 329 2652 de
350 2587 522 2672 voluptate
544 2586 627 2652 liber
647 2607 742 2652 rosus
760 2590 856 2672 esset,
877 2591 938 2674 put
938 2609 1028 2654 arem
1046 2610 1144 2654 anno

133 2697 209 2740 nam
232 2675 268 2740 in
290 2675 427 2741 macello
450 2675 608 2740 cariorem
629 2673 709 2740 fore.

200 2764 254 2829 An
276 2784 354 2829 vero
375 2763 436 2829 illa
454 2783 515 2828 nos
534 2767 668 2847 terrent,
690 2762 866 2848 siquando
885 2763 996 2848 aliqua
1013 2766 1197 2860 porten-⁶⁰

134 2856 209 2919 tosa
240 2854 298 2918 ιιιι
328 2872 368 2916 ex
398 2851 520 2937 pecude
551 2853 609 2916 aut
640 2871 680 2917 ex
705 2850 837 2917 homine
862 2856 942 2917 nata
969 2809 1197 2918 dicuntur?⁶⁰

92 2956 122 2999 ω
136 2962 274 3027 quorum
297 2938 450 3023 omnium,
471 2960 513 3005 ne
531 2938 595 3004 sim
613 2939 751 3026 longior,
773 2961 839 3006 una
855 2941 941 3006 ratio
960 2943 1019 3005 est.
1051 2937 1144 3016 Quic-

134 3030 212 3116 quid
234 3028 321 3096 enim
344 3026 461 3110 oritur,
484 3027 716 3112 qualecumque
738 3031 802 3111 est,
825 3049 958 3094 causam
980 3028 1144 3095 habeata

133 3123 252 3184 natura
273 3136 404 3183 necesse
427 3119 487 3200 est,
509 3119 555 3198 ut,
578 3114 707 3180 etiamsi
728 3120 859 3202 praeter
879 3116 1144 3183 consuetudinem

134 3206 293 3292 extiterit,
320 3208 450 3291 praeter
474 3207 627 3269 naturam
649 3207 759 3270 tamen
779 3227 848 3271 non
868 3205 975 3291 possit
997 3205 1144 3272 existere

134 3293 274 3362 Causam
300 3293 404 3380 igitur
431 3291 668 3379 investigato
658 3314 694 3357 ιιι
719 3314 755 3358 re
778 3315 864 3358 nova
887 3298 985 3379 atque
1007 3293 1145 3360 admira-

94 3382 209 3467 abili,
236 3383 265 3448 si
291 3381 429 3469 poteris,
461 3381 489 3447 si
515 3381 641 3447 nullam
667 3381 822 3484 reperies,
848 3382 931 3447 illud
954 3387 1066 3447 tamen
1093 3404 1144 3447 ex·

134 3433 301 3557 ploratum
322 3470 453 3554 habeto,
474 3469 557 3535 nihil
580 3469 651 3535 fieri
673 3469 819 3555 potuisse
842 3470 911 3536 sine
928 3492 1036 3554 causa,
1058 3491 1143 3536 eum·

136 3581 198 3647 que
220 3565 388 3644 terrorem,
411 3581 507 3646 quem
529 3558 592 3624 tibi
612 3557 661 3625 rei
678 3559 808 3624 novitas
827 3558 984 3636 attulerit,
1006 3563 1142 3623 naturae

1152 2731 1196 2798 28
