2654 3924
165 231 231 297 274
354 269 356 274 -
523 228 572 287 Du
590 228 638 283 RE}
656 225 813 285 PUBLICA

164 376 263 461 longe
282 374 363 441 duco
383 373 544 461 sapientia
560 373 634 458 ipsa
652 394 722 440 esse
736 371 988 456 anteponendos.
1015 370 1061 437 Et
1075 393 1175 457 quon·

165 465 231 529 iam
259 463 397 529 maxime
424 463 570 547 rapimur
598 460 639 527 ad
666 483 745 546 opes
773 461 937 547 augendas
965 461 1093 546 generis
1116 460 1175 526 hu·

166 552 254 619 mani
276 552 507 635 studemusque
528 548 651 617 nostris
674 549 818 616 consiliis
839 553 872 614 et
890 549 1057 614 laboribus
1076 549 1175 615 tutio·

165 662 233 709 rem
262 643 295 704 et
322 640 560 725 opulentiorem
587 638 690 704 vitam
717 637 885 705 bominum
911 638 1044 705 reddere
1072 641 1105 702 et
1134 638 1174 702 ad

165 757 193 808 p.
213 731 277 810 rso]
305 728 414 813 hanc-l
433 728 637 813 voluptatem
663 725 766 812 ipsius
792 730 930 793 naturae
957 725 1100 791 stimulis
1125 726 1174 793 in·
1202 742 1217 782 ⁵

165 817 312 900 citamur,
329 820 497 885 teneamus
516 837 589 881 eum
609 836 747 898 cursum,
765 815 821 898 qui
839 836 967 899 semper
979 813 1043 880 fuit
1057 814 1173 899 optimi

165 905 328 990 cuiusque,
349 925 453 988 neque
476 925 515 969 ea
538 903 633 990 signa
655 903 832 987 audiamus,
856 923 938 987 quae
960 901 1105 988 receptui
1124 924 1174 968 oa·

121 996 316 1119 3nunt„ut
339 1014 377 1058 eo
418 992 517 1094 etiam
539 995 704 1094 revocent,
724 992 779 1075 qui
801 991 868 1057 iam
889 991 1115 1093 processerint.

131 1079 1174 1255 ⁴pata{tltltutttnttttzttt,tttttttt
1189 1185 1217 1224 ω

165 1280 231 1342 res,
260 1257 316 1342 qui
345 1257 412 1325 sint
437 1279 472 1322 re
500 1257 631 1341 publica
658 1256 855 1321 defendenda
878 1255 1072 1339 sustinendi,
1102 1256 1175 1321 leve

166 1368 243 1412 sane
269 1346 525 1431 inpedimentum
553 1345 704 1432 vigilanti
733 1348 767 1410 et
793 1344 969 1429 industrio,
996 1365 1102 1428 neque
1124 1365 1174 1409 so·

164 1463 192 1515 p.
212 1437 259 1517 91]
277 1434 345 1501 lum
366 1436 370 1519 1
390 1436 425 1499 in
446 1434 549 1499 tantis
572 1434 678 1517 rebus,
701 1434 757 1498 scd
780 1433 878 1498 etiam
901 1433 936 1501 in
959 1431 1175 1499 mediocribus

164 1524 217 1589 vel
245 1522 360 1595 studiis
389 1522 442 1588 vel
472 1521 587 1588 officiis
617 1522 669 1591 val
701 1543 777 1586 vero
805 1521 904 1591 etiam
931 1521 1073 1607 negotiis
1101 1543 1174 1587 con·

165 1611 381 1685 temnendum.
413 1610 645 1695 Adiunguntur
662 1609 806 1694 pericula
825 1609 922 1693 vitae,
940 1608 1111 1694 turpisque
1131 1610 1173 1675 ab
1189 1624 1216 1664 1⁵

164 1701 216 1767 his
234 1699 374 1766 formido
389 1698 504 1769 mortis
522 1698 663 1763 fortibus
678 1696 756 1763 viris
771 1698 955 1783 opponitur,
975 1697 1092 1782 quibus
1107 1719 1174 1762 ma·

166 1789 216 1874 gis
235 1788 269 1853 id
287 1786 442 1855 miserum
455 1786 557 1852 videri
571 1786 664 1869 solet,
677 1790 796 1851 natura
809 1807 845 1850 se
858 1786 1005 1853 consumi
1018 1788 1052 1852 et
1066 1807 1172 1853 senec-

165 1881 244 1961 tute,
260 1898 357 1960 quam
371 1875 434 1947 sibi
449 1875 519 1940 dari
533 1878 671 1959 tempus,
686 1878 722 1937 ut
735 1874 863 1958 possint
877 1896 949 1939 eam
963 1874 1076 1957 vitam,
1091 1895 1174 1959 quae

165 1969 275 2031 tamen
298 1967 384 2029 esset
407 1963 568 2033 reddenda
589 1966 734 2046 naturae,
756 1984 816 2047 pro
839 1963 948 2047 patria
965 1961 1173 2048 potissimum

165 2053 305 2119 reddere.
355 2051 419 2118 Illo
454 2074 531 2118 vero
568 2073 602 2116 se
639 2052 710 2116 loco
747 2051 895 2135 copiosos
933 2055 966 2116 et
997 2051 1137 2117 disertos
1166 2048 1215 2138 12⁰

165 2170 192 2222 p.
212 2143 259 2223 aa]
283 2143 411 2226 putant,
433 2162 506 2205 cum
529 2138 733 2205 calamitates
756 2138 1011 2205 clarissimorum
1029 2139 1172 2207 virorum

164 2229 364 2313 iniuriasque
386 2228 426 2294 iis
450 2229 492 2294 ab
515 2228 654 2314 ingratis
677 2227 837 2312 inpositas
861 2227 986 2293 civibus
1005 2227 1173 2314 colligunt.

131 2317 250 2387 uHinc
273 2317 358 2385 enim
380 2316 440 2381 illa
465 2321 499 2381 et
521 2316 607 2401 apud
630 2315 770 2381 Graecos
794 2316 955 2400 exempla,
981 2315 1173 2399 Miltiadem,

165 2407 321 2473 victorem
340 2405 595 2490 domitoremque
609 2404 790 2487 Persarum,
809 2404 951 2471 noudum
970 2404 1093 2469 sanatis
1106 2404 1172 2470 vol·

164 2495 297 2563 neribus
318 2494 370 2579 iis,
393 2516 475 2578 quae
498 2515 633 2578 corpore
656 2493 790 2557 adverso
812 2492 848 2556 in
870 2492 1052 2557 clarissima
1074 2492 1173 2559 victo·
1187 2508 1216 2548 2⁵

165 2585 215 2657 ria
247 2583 438 2668 accepisset,
469 2582 571 2655 vitam
604 2602 642 2646 ex
671 2580 816 2649 hostium
846 2581 921 2646 telis
948 2584 1112 2649 servatam
1138 2582 1174 2647 in

165 2673 284 2739 civium
298 2670 413 2739 vinclis
427 2669 618 2755 profudisse,
632 2672 666 2741 ct
677 2668 929 2735 Themistoclem
938 2669 1059 2843 patria,
1075 2690 1173 2755 quam

936 2780 947 2822 1

165 2790 193 2842 p.
213 2763 260 2842 73]
288 2759 507 2844 liberavisset,
533 2758 663 2843 pulsum
686 2761 784 2842 atque
806 2760 935 2842 proterr
957 2760 1027 2825 tum
1049 2778 1116 2823 non
1138 2757 1172 2823 in

166 2848 320 2915 Graeciae
343 2851 457 2933 portus
480 2869 539 2932 per
561 2849 778 2929 seservatos,
802 2845 914 2913 sedin
937 2846 1109 2913 barbariae
1133 2846 1173 2913 ai·

165 2958 226 3002 nus
259 2936 456 3023 confugisse,
489 2957 587 3089 guam
619 2934 801 3016 adflixerat3
832 2955 891 2998 nec
920 2955 996 2999 vero
1027 2933 1171 3001 levitatis
1186 2950 1215 2989 ⁸0

165 3025 415 3093 Atheniensium
437 3046 494 3093 cru
516 3022 701 3106 elitatisque
724 3022 759 3086 in
781 3021 1001 3108 amplissimos
1024 3021 1104 3091 civis
1122 3043 1173 3089 ex-

167 3114 274 3199 empla
301 3113 466 3196 deficiunt,
493 3133 575 3197 quac
603 3115 682 3177 nata
705 3113 738 3175 et
760 3109 966 3195 frequentata
989 3112 1075 3195 apud
1096 3110 1173 3176 illos

166 3202 266 3267 etiam
301 3201 336 3266 in
372 3201 609 3288 gravissumam
646 3199 812 3267 civitatem
843 3202 991 3267 nostram
1024 3198 1173 3267 dicuntur

118 3305 147 3352 -a
165 3289 374 3373 redundasse3
396 3311 473 3355 nam
491 3290 544 3354 vel
563 3288 694 3359 exilium
713 3285 844 3355 Camilli
862 3287 915 3352 vel
934 3285 1069 3355 offensio
1088 3308 1173 3355 com·

166 3380 364 3451 memoratur
392 3376 518 3442 Ahalae
549 3376 601 3445 vel
632 3375 754 3441 invidia
780 3373 918 3440 Nasicae
946 3375 997 3440 vel
1026 3375 1172 3459 expulsio
1186 3389 1213 3429 ³⁵

166 3494 192 3545 p.
214 3466 259 3545 ve]
283 3464 435 3529 Laenatis
459 3465 511 3530 vel
526 3462 646 3548 Opimii
666 3463 671 3546 Ι
692 3462 856 3529 damnatio
879 3462 931 3527 vel
954 3461 1033 3549 fuga
1046 3460 1172 3531 Metelli

165 3551 218 3616 vel
246 3552 454 3617 acerbissima
482 3549 516 3616 C.
536 3551 633 3616 Marii
660 3550 767 3615 clades
792 3550 1033 3633 principumque
1059 3550 1173 3617 caedes
