2630 3904
373 229 441 286 ms.
460 230 482 286 1.
503 228 579 286 car.
600 236 712 286 15-17.
731 235 747 296 ξ
764 235 879 286 40-45.
1092 229 1132 293 19

119 375 208 461 quod
234 394 305 440 non
330 375 451 440 habeat
479 374 549 440 sine
572 374 721 439 doctrina
743 373 1011 459 anticipationem
1034 395 1133 459 quan·

119 463 196 529 dam
223 463 381 528 deorum?
413 484 511 548 quam
539 464 683 548 appellat
705 458 876 546 πρόληψιν
898 463 1073 548 Epicurus,
1099 461 1133 527 id

119 556 171 617 est
204 555 412 638 anteceptam
443 552 552 616 animo
584 551 633 616 rei
664 550 827 635 quandam
857 549 1133 635 informationem,

118 641 191 706 sine
233 662 299 725 qua
335 661 394 705 nec
433 639 583 726 intellegi
623 639 796 724 quiequam
832 661 891 728 nec
927 640 1039 724 quaeri
1073 660 1133 706 neu

91 729 284 815 adisputari
314 732 434 814 potest.
478 727 579 795 Cuius
610 727 747 793 rationis
780 727 847 792 vim
880 732 978 813 atque
1009 729 1133 794 utilita-

116 823 188 884 tem
217 839 256 883 ex
283 817 343 883 illo
370 816 503 883 caelesti
526 815 660 902 Epicuri
683 815 721 881 de
744 816 860 903 regula
882 820 916 882 et
937 817 1056 884 iudicio
1079 839 1179 932 iro-,7

118 906 244 972 lumine
272 905 463 991 accepimus.
515 903 608 981 Quod
634 904 737 991 igitur
763 903 1010 971 fundamentum
1037 905 1133 971 huius
1152 946 1187 995 44

120 994 324 1081 quaestionis
356 998 422 1078 est,
455 993 489 1058 id
520 994 686 1079 praeclare
717 993 839 1059 iactum
870 993 997 1059 ridetis.
1051 994 1134 1062 (ium

120 1085 209 1150 enim
225 1105 295 1148 non
311 1083 463 1148 instituto
482 1081 593 1167 aliquo
612 1086 669 1148 aut
687 1103 777 1147 more
796 1084 853 1147 aut
871 1082 944 1169 lege
963 1084 1008 1148 sit
1023 1083 1133 1169 opinio

81 1191 107 1230 1⁰
120 1172 304 1239 constituta
317 1175 511 1257 maneatque
525 1171 567 1235 ad
579 1193 680 1236 unum
694 1170 838 1237 omnium
851 1170 947 1236 firma
956 1174 1134 1257 consensio,

119 1260 273 1346 intellegi
295 1281 425 1326 necesse
449 1264 499 1324 est
517 1281 588 1325 esse
606 1259 692 1342 deos,
716 1259 869 1345 quoniam
887 1261 1003 1326 insitas
1022 1282 1134 1327 eorum

119 1349 174 1416 rel
193 1349 305 1435 potius
322 1349 453 1414 innatas
473 1348 676 1435 cognitiones
693 1347 866 1432 habemus,
884 1348 923 1414 de
941 1371 1006 1434 quo
1025 1354 1134 1418 autem

119 1439 270 1504 omnium
292 1441 411 1503 natura
433 1436 608 1519 consentit,
633 1437 667 1501 id
688 1457 801 1501 rerum
825 1457 896 1502 osse
917 1459 1047 1503 necesse
1072 1444 1135 1523 est3

120 1548 193 1593 esse
216 1527 319 1613 igitur
342 1525 419 1592 deos
441 1525 658 1592 confitendum
681 1528 740 1590 est.
776 1523 869 1601 Quod
892 1527 1045 1611 quoniam
1066 1527 1135 1593 fere

76 1620 106 1677 ιε’
120 1619 255 1682 constat
277 1615 363 1680 inter
381 1614 488 1679 omnis
505 1613 803 1698 conphilosophos
822 1614 937 1700 solum,
960 1614 1017 1680 sed
1035 1616 1135 1682 etiam

119 1704 286 1788 indoctos,
321 1702 484 1768 fateamur
515 1705 665 1768 constare
694 1701 778 1766 illud
809 1701 922 1788 etiam,
958 1703 1043 1769 hanc
1073 1726 1134 1771 nos

119 1793 246 1858 habere
268 1791 337 1857 sive
360 1790 636 1876 anticipationem,
658 1793 696 1855 ut
719 1794 794 1855 ante
818 1791 892 1874 dixi,
915 1791 983 1857 sive
1001 1814 1135 1877 praeno·

120 1881 248 1947 tionem
271 1879 404 1946 deorum
428 1877 519 1964 (sunt
542 1879 628 1944 enim
651 1878 747 1944 rebus
769 1878 864 1944 novis
882 1901 968 1946 nora
986 1882 1135 1966 ponenda

120 1969 266 2052 nomina,
289 1972 327 2034 ut
348 1967 509 2053 Epicurus
532 1966 602 2052 ipse
625 1963 794 2051 πρόληψιν
817 1968 1011 2053 appellarit,
1037 1991 1134 2055 quam

76 2075 106 2116 ²⁰
122 2062 222 2124 antea
243 2077 339 2123 nemo
362 2078 400 2122 eo
423 2056 523 2121 verbo
546 2054 746 2140 nominarat)
760 2092 804 2103 -
816 2055 901 2122 hanc
919 2057 1021 2144 igitur
1039 2058 1135 2124 habe
1153 2066 1187 2121 45

122 2168 212 2228 mus,
243 2150 280 2212 ut
313 2145 390 2211 deos
421 2145 536 2211 beatos
565 2148 598 2209 et
624 2144 814 2210 inmortales
840 2149 1001 2229 putemus.
1046 2145 1135 2223 Quae

122 2236 213 2300 enim
247 2234 343 2300 nobis
379 2238 498 2298 natura
528 2232 793 2298 informationem
823 2232 970 2318 ipsorum
1002 2235 1135 2302 deorum

123 2323 228 2407 dedit,
254 2322 367 2388 eadem
389 2320 563 2407 insculpsit
584 2321 619 2385 in
642 2321 819 2407 mentibus,
846 2326 884 2388 ut
906 2344 962 2389 eos
985 2329 1134 2391 aeternos

123 2417 158 2478 et
181 2412 296 2477 beatos
318 2410 522 2476 haberemus.
567 2407 659 2486 Quod
682 2410 711 2474 si
733 2409 782 2475 ita
804 2414 868 2495 est,
890 2433 965 2477 rere
988 2413 1136 2498 exposita

75 2518 107 2561 as
123 2502 185 2567 illa
208 2500 370 2566 sententia
393 2502 444 2565 est
466 2499 507 2563 ab
526 2497 677 2584 Epicuro,
700 2498 786 2583 quod
804 2498 936 2565 beatum
955 2504 1135 2567 aeternum·

123 2611 188 2676 que
216 2588 274 2673 sit,
305 2589 339 2655 id
365 2609 425 2653 nec
452 2587 571 2652 habere
598 2586 706 2672 ipsum
733 2587 859 2674 negotii
881 2588 1055 2673 quicquam
1076 2612 1135 2656 nec

123 2678 277 2745 exhibere
301 2677 411 2759 alteri,
433 2676 544 2761 itaque
566 2696 670 2760 neque
692 2675 742 2740 ira
763 2696 868 2761 neque
891 2677 1000 2764 gratia
1023 2679 1136 2764 teneri,

123 2767 227 2853 quod,
255 2788 338 2852 quae
364 2764 448 2830 talia
470 2768 592 2849 essent,
617 2764 784 2830 imbecilla
806 2770 915 2831 essent
938 2766 1056 2833 omnia.
1101 2765 1136 2834 Si

121 2856 209 2922 nihil
237 2854 325 2921 aliud
352 2874 592 2940 quaereremus,
622 2853 688 2917 nisi
713 2856 751 2918 ut
778 2853 855 2920 deos
881 2854 934 2939 pie
957 2855 1135 2923 coleremus

78 2964 109 3005 ao
122 2949 159 3011 et
190 2947 229 3010 ut
261 2942 492 3030 superstitione
523 2941 751 3026 liberaremur,
784 2942 864 3008 satis
896 2947 968 3009 erat
1000 2944 1136 3031 dictum3

122 3056 202 3100 nam
234 3036 268 3098 et
298 3035 469 3118 praestans
501 3029 635 3096 deorum
665 3034 783 3096 natura
814 3031 983 3097 hominum
1013 3033 1136 3119 pietate

123 3122 300 3205 coleretur,
328 3142 402 3186 cum
430 3122 462 3186 et
490 3122 622 3185 aeterua
645 3122 731 3184 esset
754 3124 787 3185 et
809 3118 999 3186 beatissima
1022 3119 1137 3207 (habet

123 3210 212 3277 enim
234 3209 476 3275 venerationem
498 3207 633 3292 iustam,
662 3208 813 3294 quicquid
836 3207 993 3295 excellit),
1016 3215 1050 3276 et
1072 3233 1136 3276 me·

123 3304 180 3365 tus
204 3298 310 3364 omnis
333 3320 353 3363 a
374 3298 408 3363 vi
431 3299 529 3381 atque
551 3296 602 3361 ira
625 3297 757 3363 deorum
779 3298 893 3383 pulsus
916 3303 1016 3383 esset,
1042 3300 1136 3364 intel·

83 3387 248 3475 relegitur
279 3386 366 3451 enim
397 3408 417 3451 a
448 3385 547 3451 beata
577 3385 809 3471 inmortalique
839 3390 959 3452 natura
993 3390 1028 3452 et
1054 3388 1136 3452 iram

122 3481 160 3543 et
183 3475 326 3564 gratiam
349 3473 530 3561 segregari3
553 3474 670 3560 quibus
690 3475 825 3540 remotis
843 3475 953 3539 nullos
972 3497 993 3540 a
1010 3475 1135 3558 superis

124 3563 311 3651 impendere
342 3567 458 3630 metus.
508 3559 571 3628 Sed
601 3562 643 3627 ad
674 3563 759 3628 hanc
789 3561 1042 3629 confirmandam
1070 3561 1136 3644 opi·

886 3663 923 3716 2*
