<?xml version="1.0" encoding="UTF-8"?>
<!DOCTYPE html PUBLIC "-//W3C//DTD XHTML 1.0 Transitional//EN"
    "http://www.w3.org/TR/xhtml1/DTD/xhtml1-transitional.dtd">
<html xmlns="http://www.w3.org/1999/xhtml" xml:lang="en" lang="en">
 <head>
  <title>
</title>
<meta http-equiv="Content-Type" content="text/html;charset=utf-8" />
  <meta name='ocr-system' content='tesseract 3.04.00' />
  <meta name='ocr-capabilities' content='ocr_page ocr_carea ocr_par ocr_line ocrx_word'/>
</head>
<body>
  <div class='ocr_page' id='page_1' title='image "./mtulliiciceroni00salegoog_0127.png"; bbox 0 0 2652 3908; ppageno 0'>
   <div class='ocr_carea' id='block_1_1' title="bbox 170 186 869 258">
    <p class='ocr_par' dir='ltr' id='par_1_1' title="bbox 170 186 869 258">
     <span class='ocr_line' id='line_1_1' title="bbox 170 186 869 258; baseline -0.024 -1"><span class='ocrx_word' id='word_1_1' title='bbox 170 194 212 258; x_wconf 70' lang='grc'>74</span> <span class='ocrx_word' id='word_1_2' title='bbox 475 189 525 246; x_wconf 85' lang='lat' dir='ltr'>DE</span> <span class='ocrx_word' id='word_1_3' title='bbox 543 188 696 244; x_wconf 80' lang='lat' dir='ltr'>NATURA</span> <span class='ocrx_word' id='word_1_4' title='bbox 713 186 869 243; x_wconf 83' lang='lat' dir='ltr'>DEORUM</span> 
     </span>
    </p>
   </div>
   <div class='ocr_carea' id='block_1_2' title="bbox 116 332 1309 3430">
    <p class='ocr_par' dir='ltr' id='par_1_2' title="bbox 168 332 1191 404">
     <span class='ocr_line' id='line_1_2' title="bbox 168 332 1191 404; baseline -0.006 0"><span class='ocrx_word' id='word_1_5' title='bbox 168 336 418 404; x_wconf 74' lang='lat' dir='ltr'>inbecillitatem</span> <span class='ocrx_word' id='word_1_6' title='bbox 446 333 623 400; x_wconf 82' lang='lat' dir='ltr'>difficultas</span> <span class='ocrx_word' id='word_1_7' title='bbox 650 333 784 400; x_wconf 85' lang='lat' dir='ltr'>minime</span> <span class='ocrx_word' id='word_1_8' title='bbox 807 332 895 400; x_wconf 87' lang='lat' dir='ltr'>cadit</span> <span class='ocrx_word' id='word_1_9' title='bbox 916 333 952 399; x_wconf 92' lang='lat' dir='ltr'>in</span> <span class='ocrx_word' id='word_1_10' title='bbox 973 333 1191 399; x_wconf 81' lang='lat' dir='ltr'>maiestatem</span> 
     </span>
    </p>

    <p class='ocr_par' dir='ltr' id='par_1_3' title="bbox 116 421 1237 951">
     <span class='ocr_line' id='line_1_3' title="bbox 116 421 1192 605; baseline -0.004 -25"><span class='ocrx_word' id='word_1_11' title='bbox 116 477 155 605; x_wconf 58' lang='grc' dir='ltr'>ἓξ</span> <span class='ocrx_word' id='word_1_12' title='bbox 169 421 1192 601; x_wconf 61' lang='lat' dir='ltr'>ttttultttttfittttltlltttllatttt</span> 
     </span>
     <span class='ocr_line' id='line_1_4' title="bbox 169 598 1191 686; baseline -0.006 -16"><span class='ocrx_word' id='word_1_13' title='bbox 169 625 243 670; x_wconf 88' lang='lat' dir='ltr'>cum</span> <span class='ocrx_word' id='word_1_14' title='bbox 263 602 330 667; x_wconf 90' lang='lat' dir='ltr'>sint</span> <span class='ocrx_word' id='word_1_15' title='bbox 347 601 390 686; x_wconf 81' lang='lat' dir='ltr'>di,</span> <span class='ocrx_word' id='word_1_16' title='bbox 413 600 557 666; x_wconf 88' lang='lat' dir='ltr'>simodo</span> <span class='ocrx_word' id='word_1_17' title='bbox 576 603 661 682; x_wconf 90' lang='lat' dir='ltr'>sunt,</span> <span class='ocrx_word' id='word_1_18' title='bbox 684 603 722 664; x_wconf 94' lang='lat' dir='ltr'>ut</span> <span class='ocrx_word' id='word_1_19' title='bbox 734 598 881 684; x_wconf 84' lang='lat' dir='ltr'>proiecto</span> <span class='ocrx_word' id='word_1_20' title='bbox 895 602 982 683; x_wconf 86' lang='lat' dir='ltr'>sunt,</span> <span class='ocrx_word' id='word_1_21' title='bbox 1005 599 1191 685; x_wconf 87' lang='lat' dir='ltr'>animantis</span> 
     </span>
     <span class='ocr_line' id='line_1_5' title="bbox 169 686 1237 776; baseline -0.009 -18"><span class='ocrx_word' id='word_1_22' title='bbox 169 712 254 776; x_wconf 87' lang='lat' dir='ltr'>esse,</span> <span class='ocrx_word' id='word_1_23' title='bbox 283 711 342 757; x_wconf 92' lang='lat' dir='ltr'>nec</span> <span class='ocrx_word' id='word_1_24' title='bbox 371 688 479 755; x_wconf 89' lang='lat' dir='ltr'>solum</span> <span class='ocrx_word' id='word_1_25' title='bbox 506 688 696 771; x_wconf 87' lang='lat' dir='ltr'>animantis,</span> <span class='ocrx_word' id='word_1_26' title='bbox 726 687 908 752; x_wconf 88' lang='lat' dir='ltr'>sedetiam</span> <span class='ocrx_word' id='word_1_27' title='bbox 937 686 1075 753; x_wconf 88' lang='lat' dir='ltr'>rationis</span> <span class='ocrx_word' id='word_1_28' title='bbox 1099 710 1193 754; x_wconf 89' lang='lat' dir='ltr'>com·</span> <span class='ocrx_word' id='word_1_29' title='bbox 1222 707 1237 748; x_wconf 77' lang='lat' dir='ltr'>a</span> 
     </span>
     <span class='ocr_line' id='line_1_6' title="bbox 169 775 1192 867; baseline -0.004 -21"><span class='ocrx_word' id='word_1_30' title='bbox 169 783 263 867; x_wconf 89' lang='lat' dir='ltr'>potes</span> <span class='ocrx_word' id='word_1_31' title='bbox 286 778 373 844; x_wconf 91' lang='lat' dir='ltr'>inter</span> <span class='ocrx_word' id='word_1_32' title='bbox 395 798 493 861; x_wconf 88' lang='lat' dir='ltr'>seque</span> <span class='ocrx_word' id='word_1_33' title='bbox 512 776 607 861; x_wconf 81' lang='lat' dir='ltr'>quasi</span> <span class='ocrx_word' id='word_1_34' title='bbox 624 775 713 843; x_wconf 88' lang='lat' dir='ltr'>civili</span> <span class='ocrx_word' id='word_1_35' title='bbox 730 776 957 842; x_wconf 75' lang='lat' dir='ltr'>conciliatione</span> <span class='ocrx_word' id='word_1_36' title='bbox 974 779 1008 841; x_wconf 88' lang='lat' dir='ltr'>et</span> <span class='ocrx_word' id='word_1_37' title='bbox 1026 776 1192 842; x_wconf 87' lang='lat' dir='ltr'>societate</span> 
     </span>
     <span class='ocr_line' id='line_1_7' title="bbox 170 864 1193 951; baseline -0.005 -15"><span class='ocrx_word' id='word_1_38' title='bbox 170 868 374 951; x_wconf 89' lang='lat' dir='ltr'>coniunctos,</span> <span class='ocrx_word' id='word_1_39' title='bbox 397 887 498 931; x_wconf 89' lang='lat' dir='ltr'>unum</span> <span class='ocrx_word' id='word_1_40' title='bbox 521 864 677 931; x_wconf 87' lang='lat' dir='ltr'>mundum</span> <span class='ocrx_word' id='word_1_41' title='bbox 699 867 738 929; x_wconf 89' lang='lat' dir='ltr'>ut</span> <span class='ocrx_word' id='word_1_42' title='bbox 759 886 964 930; x_wconf 88' lang='lat' dir='ltr'>communem</span> <span class='ocrx_word' id='word_1_43' title='bbox 986 886 1056 930; x_wconf 87' lang='lat' dir='ltr'>rem</span> <span class='ocrx_word' id='word_1_44' title='bbox 1078 866 1193 951; x_wconf 90' lang='lat' dir='ltr'>publi·</span> 
     </span>
    </p>

    <p class='ocr_par' dir='ltr' id='par_1_4' title="bbox 117 949 1238 2191">
     <span class='ocr_line' id='line_1_8' title="bbox 117 949 1193 1040; baseline -0.003 -19"><span class='ocrx_word' id='word_1_45' title='bbox 117 971 151 1021; x_wconf 75' lang='grc'>79</span> <span class='ocrx_word' id='word_1_46' title='bbox 170 979 242 1024; x_wconf 84' lang='lat' dir='ltr'>cam</span> <span class='ocrx_word' id='word_1_47' title='bbox 279 959 378 1039; x_wconf 87' lang='lat' dir='ltr'>atque</span> <span class='ocrx_word' id='word_1_48' title='bbox 413 952 528 1019; x_wconf 91' lang='lat' dir='ltr'>urbem</span> <span class='ocrx_word' id='word_1_49' title='bbox 565 953 710 1037; x_wconf 86' lang='lat' dir='ltr'>aliquam</span> <span class='ocrx_word' id='word_1_50' title='bbox 740 953 893 1040; x_wconf 89' lang='lat' dir='ltr'>regentis.</span> <span class='ocrx_word' id='word_1_51' title='bbox 944 949 1111 1038; x_wconf 77' lang='lat' dir='ltr'>Sequitur,</span> <span class='ocrx_word' id='word_1_52' title='bbox 1149 957 1193 1019; x_wconf 92' lang='lat' dir='ltr'>ut</span> 
     </span>
     <span class='ocr_line' id='line_1_9' title="bbox 171 1040 1192 1128; baseline -0.004 -17"><span class='ocrx_word' id='word_1_53' title='bbox 171 1045 285 1112; x_wconf 86' lang='lat' dir='ltr'>eadem</span> <span class='ocrx_word' id='word_1_54' title='bbox 308 1045 353 1109; x_wconf 88' lang='lat' dir='ltr'>sit</span> <span class='ocrx_word' id='word_1_55' title='bbox 370 1042 405 1108; x_wconf 90' lang='lat' dir='ltr'>in</span> <span class='ocrx_word' id='word_1_56' title='bbox 422 1041 473 1126; x_wconf 91' lang='lat' dir='ltr'>iis,</span> <span class='ocrx_word' id='word_1_57' title='bbox 496 1063 578 1127; x_wconf 89' lang='lat' dir='ltr'>quac</span> <span class='ocrx_word' id='word_1_58' title='bbox 595 1041 739 1107; x_wconf 88' lang='lat' dir='ltr'>humano</span> <span class='ocrx_word' id='word_1_59' title='bbox 756 1040 791 1105; x_wconf 90' lang='lat' dir='ltr'>in</span> <span class='ocrx_word' id='word_1_60' title='bbox 811 1062 937 1128; x_wconf 81' lang='lat' dir='ltr'>genere,</span> <span class='ocrx_word' id='word_1_61' title='bbox 956 1042 1050 1126; x_wconf 87' lang='lat' dir='ltr'>ratio,</span> <span class='ocrx_word' id='word_1_62' title='bbox 1071 1043 1192 1108; x_wconf 89' lang='lat' dir='ltr'>eadem</span> 
     </span>
     <span class='ocr_line' id='line_1_10' title="bbox 170 1128 1238 1216; baseline -0.009 -17"><span class='ocrx_word' id='word_1_63' title='bbox 170 1133 293 1200; x_wconf 84' lang='lat' dir='ltr'>ueritas</span> <span class='ocrx_word' id='word_1_64' title='bbox 323 1131 497 1216; x_wconf 85' lang='lat' dir='ltr'>utrobique</span> <span class='ocrx_word' id='word_1_65' title='bbox 530 1129 575 1196; x_wconf 92' lang='lat' dir='ltr'>sit</span> <span class='ocrx_word' id='word_1_66' title='bbox 606 1128 781 1214; x_wconf 88' lang='lat' dir='ltr'>eademque</span> <span class='ocrx_word' id='word_1_67' title='bbox 813 1130 879 1214; x_wconf 87' lang='lat' dir='ltr'>lex,</span> <span class='ocrx_word' id='word_1_68' title='bbox 910 1151 993 1215; x_wconf 90' lang='lat' dir='ltr'>quae</span> <span class='ocrx_word' id='word_1_69' title='bbox 1025 1134 1076 1195; x_wconf 93' lang='lat' dir='ltr'>est</span> <span class='ocrx_word' id='word_1_70' title='bbox 1103 1132 1191 1197; x_wconf 85' lang='lat' dir='ltr'>recti</span> <span class='ocrx_word' id='word_1_71' title='bbox 1208 1151 1238 1190; x_wconf 80' lang='lat' dir='ltr'>ro</span> 
     </span>
     <span class='ocr_line' id='line_1_11' title="bbox 169 1217 1191 1308; baseline 0 -22"><span class='ocrx_word' id='word_1_72' title='bbox 169 1221 357 1308; x_wconf 85' lang='lat' dir='ltr'>praeceptio</span> <span class='ocrx_word' id='word_1_73' title='bbox 375 1219 531 1306; x_wconf 81' lang='lat' dir='ltr'>pravique</span> <span class='ocrx_word' id='word_1_74' title='bbox 550 1218 706 1304; x_wconf 87' lang='lat' dir='ltr'>depulsio.</span> <span class='ocrx_word' id='word_1_75' title='bbox 737 1217 788 1282; x_wconf 84' lang='lat' dir='ltr'>Ex</span> <span class='ocrx_word' id='word_1_76' title='bbox 807 1239 871 1303; x_wconf 89' lang='lat' dir='ltr'>quo</span> <span class='ocrx_word' id='word_1_77' title='bbox 889 1219 1093 1305; x_wconf 88' lang='lat' dir='ltr'>intellegitur</span> <span class='ocrx_word' id='word_1_78' title='bbox 1110 1243 1191 1306; x_wconf 88' lang='lat' dir='ltr'>pru·</span> 
     </span>
     <span class='ocr_line' id='line_1_12' title="bbox 172 1306 1191 1394; baseline -0.002 -18"><span class='ocrx_word' id='word_1_79' title='bbox 172 1310 316 1376; x_wconf 84' lang='lat' dir='ltr'>dentiam</span> <span class='ocrx_word' id='word_1_80' title='bbox 346 1329 474 1393; x_wconf 89' lang='lat' dir='ltr'>quoque</span> <span class='ocrx_word' id='word_1_81' title='bbox 503 1310 537 1373; x_wconf 90' lang='lat' dir='ltr'>et</span> <span class='ocrx_word' id='word_1_82' title='bbox 567 1310 710 1372; x_wconf 90' lang='lat' dir='ltr'>mentem</span> <span class='ocrx_word' id='word_1_83' title='bbox 736 1329 758 1371; x_wconf 88' lang='lat' dir='ltr'>a</span> <span class='ocrx_word' id='word_1_84' title='bbox 786 1306 854 1371; x_wconf 88' lang='lat' dir='ltr'>deis</span> <span class='ocrx_word' id='word_1_85' title='bbox 878 1306 920 1371; x_wconf 88' lang='lat' dir='ltr'>ad</span> <span class='ocrx_word' id='word_1_86' title='bbox 942 1307 1091 1374; x_wconf 87' lang='lat' dir='ltr'>homines</span> <span class='ocrx_word' id='word_1_87' title='bbox 1113 1331 1191 1394; x_wconf 88' lang='lat' dir='ltr'>per·</span> 
     </span>
     <span class='ocr_line' id='line_1_13' title="bbox 171 1394 1190 1481; baseline -0.003 -16"><span class='ocrx_word' id='word_1_88' title='bbox 171 1399 311 1481; x_wconf 82' lang='lat' dir='ltr'>venisse,</span> <span class='ocrx_word' id='word_1_89' title='bbox 340 1397 382 1462; x_wconf 93' lang='lat' dir='ltr'>ob</span> <span class='ocrx_word' id='word_1_90' title='bbox 406 1416 540 1480; x_wconf 92' lang='lat' dir='ltr'>eamque</span> <span class='ocrx_word' id='word_1_91' title='bbox 564 1416 696 1462; x_wconf 85' lang='lat' dir='ltr'>causam</span> <span class='ocrx_word' id='word_1_92' title='bbox 717 1394 877 1462; x_wconf 88' lang='lat' dir='ltr'>maiorum</span> <span class='ocrx_word' id='word_1_93' title='bbox 899 1395 1061 1461; x_wconf 87' lang='lat' dir='ltr'>institutis</span> <span class='ocrx_word' id='word_1_94' title='bbox 1084 1418 1190 1481; x_wconf 87' lang='lat' dir='ltr'>mens,</span> 
     </span>
     <span class='ocr_line' id='line_1_14' title="bbox 171 1483 1189 1571; baseline -0.002 -18"><span class='ocrx_word' id='word_1_95' title='bbox 171 1487 261 1571; x_wconf 88' lang='lat' dir='ltr'>fides,</span> <span class='ocrx_word' id='word_1_96' title='bbox 279 1487 394 1570; x_wconf 77' lang='lat' dir='ltr'>virtus,</span> <span class='ocrx_word' id='word_1_97' title='bbox 412 1484 583 1551; x_wconf 89' lang='lat' dir='ltr'>concordia</span> <span class='ocrx_word' id='word_1_98' title='bbox 602 1487 809 1550; x_wconf 87' lang='lat' dir='ltr'>consecratae</span> <span class='ocrx_word' id='word_1_99' title='bbox 829 1487 862 1549; x_wconf 91' lang='lat' dir='ltr'>et</span> <span class='ocrx_word' id='word_1_100' title='bbox 874 1483 1004 1570; x_wconf 88' lang='lat' dir='ltr'>publice</span> <span class='ocrx_word' id='word_1_101' title='bbox 1018 1484 1189 1551; x_wconf 89' lang='lat' dir='ltr'>dedicatae</span> 
     </span>
     <span class='ocr_line' id='line_1_15' title="bbox 172 1571 1236 1660; baseline -0.008 -19"><span class='ocrx_word' id='word_1_102' title='bbox 172 1578 257 1641; x_wconf 92' lang='lat' dir='ltr'>sunt.</span> <span class='ocrx_word' id='word_1_103' title='bbox 294 1572 384 1651; x_wconf 81' lang='lat' dir='ltr'>Quae</span> <span class='ocrx_word' id='word_1_104' title='bbox 407 1574 464 1658; x_wconf 92' lang='lat' dir='ltr'>qui</span> <span class='ocrx_word' id='word_1_105' title='bbox 486 1572 637 1640; x_wconf 88' lang='lat' dir='ltr'>convenit</span> <span class='ocrx_word' id='word_1_106' title='bbox 654 1593 754 1658; x_wconf 89' lang='lat' dir='ltr'>penes</span> <span class='ocrx_word' id='word_1_107' title='bbox 773 1571 850 1639; x_wconf 90' lang='lat' dir='ltr'>deos</span> <span class='ocrx_word' id='word_1_108' title='bbox 869 1593 940 1638; x_wconf 87' lang='lat' dir='ltr'>esse</span> <span class='ocrx_word' id='word_1_109' title='bbox 957 1593 1088 1660; x_wconf 84' lang='lat' dir='ltr'>negare,</span> <span class='ocrx_word' id='word_1_110' title='bbox 1111 1596 1187 1640; x_wconf 89' lang='lat' dir='ltr'>cum</span> <span class='ocrx_word' id='word_1_111' title='bbox 1206 1593 1236 1634; x_wconf 75' lang='lat'>15</span> 
     </span>
     <span class='ocr_line' id='line_1_16' title="bbox 172 1660 1188 1750; baseline -0.002 -20"><span class='ocrx_word' id='word_1_112' title='bbox 172 1686 283 1730; x_wconf 91' lang='lat' dir='ltr'>eornm</span> <span class='ocrx_word' id='word_1_113' title='bbox 303 1668 443 1750; x_wconf 86' lang='lat' dir='ltr'>augusta</span> <span class='ocrx_word' id='word_1_114' title='bbox 462 1666 495 1728; x_wconf 93' lang='lat' dir='ltr'>et</span> <span class='ocrx_word' id='word_1_115' title='bbox 513 1665 626 1728; x_wconf 85' lang='lat' dir='ltr'>sancta</span> <span class='ocrx_word' id='word_1_116' title='bbox 640 1660 815 1727; x_wconf 85' lang='lat' dir='ltr'>simulacra</span> <span class='ocrx_word' id='word_1_117' title='bbox 828 1662 1038 1727; x_wconf 77' lang='lat' dir='ltr'>veneremur?</span> <span class='ocrx_word' id='word_1_118' title='bbox 1062 1660 1188 1739; x_wconf 81' lang='lat' dir='ltr'>Quodsi</span> 
     </span>
     <span class='ocr_line' id='line_1_17' title="bbox 172 1749 1187 1837; baseline -0.002 -19"><span class='ocrx_word' id='word_1_119' title='bbox 172 1756 259 1818; x_wconf 89' lang='lat' dir='ltr'>mest</span> <span class='ocrx_word' id='word_1_120' title='bbox 276 1753 311 1817; x_wconf 93' lang='lat' dir='ltr'>in</span> <span class='ocrx_word' id='word_1_121' title='bbox 328 1751 497 1818; x_wconf 89' lang='lat' dir='ltr'>hominum</span> <span class='ocrx_word' id='word_1_122' title='bbox 507 1771 625 1837; x_wconf 85' lang='lat' dir='ltr'>genere</span> <span class='ocrx_word' id='word_1_123' title='bbox 645 1770 746 1833; x_wconf 90' lang='lat' dir='ltr'>mens,</span> <span class='ocrx_word' id='word_1_124' title='bbox 763 1749 853 1833; x_wconf 88' lang='lat' dir='ltr'>fides,</span> <span class='ocrx_word' id='word_1_125' title='bbox 870 1750 986 1834; x_wconf 79' lang='lat' dir='ltr'>virtus,</span> <span class='ocrx_word' id='word_1_126' title='bbox 1004 1751 1187 1836; x_wconf 89' lang='lat' dir='ltr'>concordia,</span> 
     </span>
     <span class='ocr_line' id='line_1_18' title="bbox 173 1837 1188 1925; baseline 0 -19"><span class='ocrx_word' id='word_1_127' title='bbox 173 1838 257 1906; x_wconf 90' lang='lat' dir='ltr'>unde</span> <span class='ocrx_word' id='word_1_128' title='bbox 288 1840 369 1905; x_wconf 91' lang='lat' dir='ltr'>haec</span> <span class='ocrx_word' id='word_1_129' title='bbox 398 1843 583 1906; x_wconf 89' lang='lat' dir='ltr'>interram</span> <span class='ocrx_word' id='word_1_130' title='bbox 610 1838 675 1904; x_wconf 87' lang='lat' dir='ltr'>nisi</span> <span class='ocrx_word' id='word_1_131' title='bbox 702 1837 743 1903; x_wconf 90' lang='lat' dir='ltr'>ab</span> <span class='ocrx_word' id='word_1_132' title='bbox 771 1837 898 1923; x_wconf 87' lang='lat' dir='ltr'>superis</span> <span class='ocrx_word' id='word_1_133' title='bbox 926 1838 1065 1905; x_wconf 88' lang='lat' dir='ltr'>defluere</span> <span class='ocrx_word' id='word_1_134' title='bbox 1091 1844 1188 1925; x_wconf 89' lang='lat' dir='ltr'>potu-</span> 
     </span>
     <span class='ocr_line' id='line_1_19' title="bbox 174 1925 1188 2015; baseline 0 -21"><span class='ocrx_word' id='word_1_135' title='bbox 174 1927 291 1995; x_wconf 77' lang='lat' dir='ltr'>erunt?</span> <span class='ocrx_word' id='word_1_136' title='bbox 337 1925 482 2012; x_wconf 79' lang='lat' dir='ltr'>Cumque</span> <span class='ocrx_word' id='word_1_137' title='bbox 510 1927 577 1992; x_wconf 88' lang='lat' dir='ltr'>sint</span> <span class='ocrx_word' id='word_1_138' title='bbox 602 1926 638 1991; x_wconf 92' lang='lat' dir='ltr'>in</span> <span class='ocrx_word' id='word_1_139' title='bbox 658 1926 755 1992; x_wconf 89' lang='lat' dir='ltr'>nobis</span> <span class='ocrx_word' id='word_1_140' title='bbox 778 1926 964 2011; x_wconf 89' lang='lat' dir='ltr'>consilium,</span> <span class='ocrx_word' id='word_1_141' title='bbox 989 1927 1088 2012; x_wconf 87' lang='lat' dir='ltr'>ratio,</span> <span class='ocrx_word' id='word_1_142' title='bbox 1111 1951 1188 2015; x_wconf 89' lang='lat' dir='ltr'>pru-</span> 
     </span>
     <span class='ocr_line' id='line_1_20' title="bbox 174 2014 1234 2102; baseline -0.005 -20"><span class='ocrx_word' id='word_1_143' title='bbox 174 2018 293 2101; x_wconf 89' lang='lat' dir='ltr'>dentia,</span> <span class='ocrx_word' id='word_1_144' title='bbox 315 2037 445 2082; x_wconf 85' lang='lat' dir='ltr'>necesse</span> <span class='ocrx_word' id='word_1_145' title='bbox 468 2018 520 2080; x_wconf 91' lang='lat' dir='ltr'>est</span> <span class='ocrx_word' id='word_1_146' title='bbox 542 2015 619 2081; x_wconf 88' lang='lat' dir='ltr'>deos</span> <span class='ocrx_word' id='word_1_147' title='bbox 642 2015 722 2080; x_wconf 89' lang='lat' dir='ltr'>haec</span> <span class='ocrx_word' id='word_1_148' title='bbox 739 2014 813 2100; x_wconf 87' lang='lat' dir='ltr'>ipsa</span> <span class='ocrx_word' id='word_1_149' title='bbox 832 2015 952 2081; x_wconf 86' lang='lat' dir='ltr'>habere</span> <span class='ocrx_word' id='word_1_150' title='bbox 970 2015 1104 2102; x_wconf 87' lang='lat' dir='ltr'>maiora,</span> <span class='ocrx_word' id='word_1_151' title='bbox 1126 2039 1188 2084; x_wconf 89' lang='lat' dir='ltr'>nec</span> <span class='ocrx_word' id='word_1_152' title='bbox 1204 2036 1234 2077; x_wconf 78' lang='lat' dir='ltr'>so</span> 
     </span>
     <span class='ocr_line' id='line_1_21' title="bbox 175 2102 1188 2191; baseline 0.002 -21"><span class='ocrx_word' id='word_1_153' title='bbox 175 2106 296 2170; x_wconf 89' lang='lat' dir='ltr'>habere</span> <span class='ocrx_word' id='word_1_154' title='bbox 319 2105 435 2187; x_wconf 88' lang='lat' dir='ltr'>solum,</span> <span class='ocrx_word' id='word_1_155' title='bbox 459 2103 516 2169; x_wconf 88' lang='lat' dir='ltr'>sed</span> <span class='ocrx_word' id='word_1_156' title='bbox 538 2103 638 2169; x_wconf 88' lang='lat' dir='ltr'>etiam</span> <span class='ocrx_word' id='word_1_157' title='bbox 659 2103 701 2168; x_wconf 89' lang='lat' dir='ltr'>iis</span> <span class='ocrx_word' id='word_1_158' title='bbox 724 2103 774 2169; x_wconf 92' lang='lat' dir='ltr'>uti</span> <span class='ocrx_word' id='word_1_159' title='bbox 796 2102 831 2168; x_wconf 90' lang='lat' dir='ltr'>in</span> <span class='ocrx_word' id='word_1_160' title='bbox 853 2104 1013 2170; x_wconf 83' lang='lat' dir='ltr'>maxumis</span> <span class='ocrx_word' id='word_1_161' title='bbox 1037 2109 1071 2170; x_wconf 93' lang='lat' dir='ltr'>et</span> <span class='ocrx_word' id='word_1_162' title='bbox 1093 2110 1188 2191; x_wconf 92' lang='lat' dir='ltr'>optu-</span> 
     </span>
    </p>

    <p class='ocr_par' dir='ltr' id='par_1_5' title="bbox 120 2191 1189 2437">
     <span class='ocr_line' id='line_1_22' title="bbox 120 2191 1189 2280; baseline 0.002 -22"><span class='ocrx_word' id='word_1_163' title='bbox 120 2198 155 2249; x_wconf 77' lang='lat'>80</span> <span class='ocrx_word' id='word_1_164' title='bbox 175 2197 237 2259; x_wconf 89' lang='lat' dir='ltr'>mis</span> <span class='ocrx_word' id='word_1_165' title='bbox 259 2193 370 2278; x_wconf 82' lang='lat' dir='ltr'>rebus3</span> <span class='ocrx_word' id='word_1_166' title='bbox 392 2191 475 2257; x_wconf 89' lang='lat' dir='ltr'>nihil</span> <span class='ocrx_word' id='word_1_167' title='bbox 499 2195 608 2257; x_wconf 85' lang='lat' dir='ltr'>autem</span> <span class='ocrx_word' id='word_1_168' title='bbox 630 2213 689 2257; x_wconf 91' lang='lat' dir='ltr'>nec</span> <span class='ocrx_word' id='word_1_169' title='bbox 712 2191 817 2256; x_wconf 90' lang='lat' dir='ltr'>maius</span> <span class='ocrx_word' id='word_1_170' title='bbox 840 2212 899 2258; x_wconf 88' lang='lat' dir='ltr'>nec</span> <span class='ocrx_word' id='word_1_171' title='bbox 917 2192 1033 2258; x_wconf 87' lang='lat' dir='ltr'>melius</span> <span class='ocrx_word' id='word_1_172' title='bbox 1051 2195 1189 2280; x_wconf 80' lang='lat' dir='ltr'>mund03</span> 
     </span>
     <span class='ocr_line' id='line_1_23' title="bbox 173 2279 1189 2367; baseline 0.001 -20"><span class='ocrx_word' id='word_1_173' title='bbox 173 2302 304 2348; x_wconf 87' lang='lat' dir='ltr'>necesse</span> <span class='ocrx_word' id='word_1_174' title='bbox 332 2284 383 2346; x_wconf 89' lang='lat' dir='ltr'>est</span> <span class='ocrx_word' id='word_1_175' title='bbox 410 2301 488 2367; x_wconf 91' lang='lat' dir='ltr'>ergo</span> <span class='ocrx_word' id='word_1_176' title='bbox 513 2303 586 2346; x_wconf 88' lang='lat' dir='ltr'>eum</span> <span class='ocrx_word' id='word_1_177' title='bbox 609 2280 743 2345; x_wconf 88' lang='lat' dir='ltr'>deorum</span> <span class='ocrx_word' id='word_1_178' title='bbox 765 2279 902 2347; x_wconf 89' lang='lat' dir='ltr'>consilio</span> <span class='ocrx_word' id='word_1_179' title='bbox 925 2284 959 2345; x_wconf 88' lang='lat' dir='ltr'>et</span> <span class='ocrx_word' id='word_1_180' title='bbox 980 2282 1189 2366; x_wconf 86' lang='lat' dir='ltr'>providentia</span> 
     </span>
     <span class='ocr_line' id='line_1_24' title="bbox 174 2368 1187 2437; baseline 0.001 -1"><span class='ocrx_word' id='word_1_181' title='bbox 174 2368 405 2436; x_wconf 86' lang='lat' dir='ltr'>administrari.</span> <span class='ocrx_word' id='word_1_182' title='bbox 436 2368 607 2435; x_wconf 88' lang='lat' dir='ltr'>Postremo</span> <span class='ocrx_word' id='word_1_183' title='bbox 625 2390 700 2434; x_wconf 90' lang='lat' dir='ltr'>cum</span> <span class='ocrx_word' id='word_1_184' title='bbox 719 2368 800 2434; x_wconf 88' lang='lat' dir='ltr'>sctis</span> <span class='ocrx_word' id='word_1_185' title='bbox 820 2368 1022 2435; x_wconf 87' lang='lat' dir='ltr'>docuerimus</span> <span class='ocrx_word' id='word_1_186' title='bbox 1039 2370 1100 2436; x_wconf 89' lang='lat' dir='ltr'>hos</span> <span class='ocrx_word' id='word_1_187' title='bbox 1114 2393 1187 2437; x_wconf 88' lang='lat' dir='ltr'>esse</span> 
     </span>
    </p>

    <p class='ocr_par' dir='ltr' id='par_1_6' title="bbox 126 2456 1231 2987">
     <span class='ocr_line' id='line_1_25' title="bbox 126 2456 1231 2544; baseline -0.005 -19"><span class='ocrx_word' id='word_1_188' title='bbox 126 2492 131 2525; x_wconf 68' lang='lat'><em>2</em></span> <span class='ocrx_word' id='word_1_189' title='bbox 174 2459 261 2544; x_wconf 77' lang='lat' dir='ltr'>deoc,</span> <span class='ocrx_word' id='word_1_190' title='bbox 285 2479 423 2543; x_wconf 89' lang='lat' dir='ltr'>quorum</span> <span class='ocrx_word' id='word_1_191' title='bbox 445 2457 605 2544; x_wconf 84' lang='lat' dir='ltr'>insignem</span> <span class='ocrx_word' id='word_1_192' title='bbox 629 2456 696 2522; x_wconf 82' lang='lat' dir='ltr'>vim</span> <span class='ocrx_word' id='word_1_193' title='bbox 719 2460 753 2522; x_wconf 92' lang='lat' dir='ltr'>et</span> <span class='ocrx_word' id='word_1_194' title='bbox 774 2457 948 2523; x_wconf 86' lang='lat' dir='ltr'>inlustrem</span> <span class='ocrx_word' id='word_1_195' title='bbox 965 2457 1082 2525; x_wconf 86' lang='lat' dir='ltr'>faciem</span> <span class='ocrx_word' id='word_1_196' title='bbox 1101 2459 1187 2526; x_wconf 81' lang='lat' dir='ltr'>vide</span> <span class='ocrx_word' id='word_1_197' title='bbox 1202 2478 1231 2519; x_wconf 78' lang='lat' dir='ltr'>ss</span> 
     </span>
     <span class='ocr_line' id='line_1_26' title="bbox 174 2546 1187 2632; baseline 0.001 -19"><span class='ocrx_word' id='word_1_198' title='bbox 174 2569 293 2632; x_wconf 89' lang='lat' dir='ltr'>remus,</span> <span class='ocrx_word' id='word_1_199' title='bbox 316 2548 419 2614; x_wconf 88' lang='lat' dir='ltr'>solem</span> <span class='ocrx_word' id='word_1_200' title='bbox 443 2546 513 2613; x_wconf 89' lang='lat' dir='ltr'>dico</span> <span class='ocrx_word' id='word_1_201' title='bbox 537 2551 570 2611; x_wconf 92' lang='lat' dir='ltr'>et</span> <span class='ocrx_word' id='word_1_202' title='bbox 592 2546 706 2611; x_wconf 86' lang='lat' dir='ltr'>lunam</span> <span class='ocrx_word' id='word_1_203' title='bbox 729 2549 763 2611; x_wconf 91' lang='lat' dir='ltr'>et</span> <span class='ocrx_word' id='word_1_204' title='bbox 784 2567 886 2631; x_wconf 82' lang='lat' dir='ltr'>vagas</span> <span class='ocrx_word' id='word_1_205' title='bbox 909 2547 1024 2612; x_wconf 88' lang='lat' dir='ltr'>stellas</span> <span class='ocrx_word' id='word_1_206' title='bbox 1048 2552 1081 2614; x_wconf 92' lang='lat' dir='ltr'>et</span> <span class='ocrx_word' id='word_1_207' title='bbox 1102 2548 1187 2614; x_wconf 90' lang='lat' dir='ltr'>iner-</span> 
     </span>
     <span class='ocr_line' id='line_1_27' title="bbox 174 2633 1188 2719; baseline 0.001 -17"><span class='ocrx_word' id='word_1_208' title='bbox 174 2640 286 2702; x_wconf 84' lang='lat' dir='ltr'>rantes</span> <span class='ocrx_word' id='word_1_209' title='bbox 316 2638 350 2701; x_wconf 88' lang='lat' dir='ltr'>et</span> <span class='ocrx_word' id='word_1_210' title='bbox 372 2636 498 2702; x_wconf 90' lang='lat' dir='ltr'>caelum</span> <span class='ocrx_word' id='word_1_211' title='bbox 520 2638 555 2700; x_wconf 93' lang='lat' dir='ltr'>et</span> <span class='ocrx_word' id='word_1_212' title='bbox 577 2633 733 2699; x_wconf 88' lang='lat' dir='ltr'>mundum</span> <span class='ocrx_word' id='word_1_213' title='bbox 755 2633 864 2719; x_wconf 90' lang='lat' dir='ltr'>ipsum</span> <span class='ocrx_word' id='word_1_214' title='bbox 887 2638 920 2700; x_wconf 92' lang='lat' dir='ltr'>et</span> <span class='ocrx_word' id='word_1_215' title='bbox 943 2657 1054 2701; x_wconf 85' lang='lat' dir='ltr'>earum</span> <span class='ocrx_word' id='word_1_216' title='bbox 1077 2659 1188 2703; x_wconf 90' lang='lat' dir='ltr'>rerum</span> 
     </span>
     <span class='ocr_line' id='line_1_28' title="bbox 174 2721 1188 2812; baseline 0.002 -22"><span class='ocrx_word' id='word_1_217' title='bbox 174 2725 255 2810; x_wconf 84' lang='lat' dir='ltr'>vim,</span> <span class='ocrx_word' id='word_1_218' title='bbox 285 2746 367 2810; x_wconf 86' lang='lat' dir='ltr'>quae</span> <span class='ocrx_word' id='word_1_219' title='bbox 396 2725 542 2789; x_wconf 87' lang='lat' dir='ltr'>inessent</span> <span class='ocrx_word' id='word_1_220' title='bbox 568 2722 603 2787; x_wconf 91' lang='lat' dir='ltr'>in</span> <span class='ocrx_word' id='word_1_221' title='bbox 630 2721 719 2788; x_wconf 88' lang='lat' dir='ltr'>omni</span> <span class='ocrx_word' id='word_1_222' title='bbox 742 2723 862 2788; x_wconf 88' lang='lat' dir='ltr'>mundo</span> <span class='ocrx_word' id='word_1_223' title='bbox 886 2746 958 2789; x_wconf 91' lang='lat' dir='ltr'>cum</span> <span class='ocrx_word' id='word_1_224' title='bbox 981 2746 1102 2812; x_wconf 90' lang='lat' dir='ltr'>magno</span> <span class='ocrx_word' id='word_1_225' title='bbox 1125 2748 1188 2792; x_wconf 89' lang='lat' dir='ltr'>usu</span> 
     </span>
     <span class='ocr_line' id='line_1_29' title="bbox 176 2809 1188 2900; baseline 0.002 -23"><span class='ocrx_word' id='word_1_226' title='bbox 176 2816 209 2878; x_wconf 92' lang='lat' dir='ltr'>et</span> <span class='ocrx_word' id='word_1_227' title='bbox 235 2812 466 2880; x_wconf 89' lang='lat' dir='ltr'>commoditate</span> <span class='ocrx_word' id='word_1_228' title='bbox 494 2811 621 2899; x_wconf 87' lang='lat' dir='ltr'>generis</span> <span class='ocrx_word' id='word_1_229' title='bbox 643 2809 794 2895; x_wconf 87' lang='lat' dir='ltr'>humani,</span> <span class='ocrx_word' id='word_1_230' title='bbox 821 2810 961 2877; x_wconf 88' lang='lat' dir='ltr'>efficitur</span> <span class='ocrx_word' id='word_1_231' title='bbox 983 2814 1094 2879; x_wconf 85' lang='lat' dir='ltr'>omnia</span> <span class='ocrx_word' id='word_1_232' title='bbox 1115 2813 1188 2900; x_wconf 90' lang='lat' dir='ltr'>regi</span> 
     </span>
     <span class='ocr_line' id='line_1_30' title="bbox 175 2898 1230 2987; baseline 0.002 -21"><span class='ocrx_word' id='word_1_233' title='bbox 175 2900 285 2967; x_wconf 77' lang='lat' dir='ltr'>diuina</span> <span class='ocrx_word' id='word_1_234' title='bbox 312 2905 420 2967; x_wconf 92' lang='lat' dir='ltr'>mente</span> <span class='ocrx_word' id='word_1_235' title='bbox 446 2904 543 2985; x_wconf 85' lang='lat' dir='ltr'>atque</span> <span class='ocrx_word' id='word_1_236' title='bbox 565 2898 746 2986; x_wconf 87' lang='lat' dir='ltr'>prudentia.</span> <span class='ocrx_word' id='word_1_237' title='bbox 791 2899 841 2966; x_wconf 85' lang='lat' dir='ltr'>Ac</span> <span class='ocrx_word' id='word_1_238' title='bbox 864 2899 903 2966; x_wconf 88' lang='lat' dir='ltr'>de</span> <span class='ocrx_word' id='word_1_239' title='bbox 925 2900 1033 2986; x_wconf 87' lang='lat' dir='ltr'>prima</span> <span class='ocrx_word' id='word_1_240' title='bbox 1055 2902 1187 2987; x_wconf 72' lang='lat' dir='ltr'>quidun</span> <span class='ocrx_word' id='word_1_241' title='bbox 1201 2918 1230 2959; x_wconf 81' lang='lat'>³⁰</span> 
     </span>
    </p>

    <p class='ocr_par' dir='ltr' id='par_1_7' title="bbox 122 2989 601 3106">
     <span class='ocr_line' id='line_1_31' title="bbox 122 2989 601 3106; baseline -0.002 -52"><span class='ocrx_word' id='word_1_242' title='bbox 122 2993 270 3106; x_wconf 66' lang='lat' dir='ltr'>32parte</span> <span class='ocrx_word' id='word_1_243' title='bbox 293 2990 374 3056; x_wconf 87' lang='lat' dir='ltr'>satis</span> <span class='ocrx_word' id='word_1_244' title='bbox 398 2989 520 3056; x_wconf 89' lang='lat' dir='ltr'>dictum</span> <span class='ocrx_word' id='word_1_245' title='bbox 542 2992 601 3054; x_wconf 89' lang='lat' dir='ltr'>est.</span> 
     </span>
    </p>

    <p class='ocr_par' dir='ltr' id='par_1_8' title="bbox 121 3075 1309 3471">
     <span class='ocr_line' id='line_1_32' title="bbox 121 3075 1309 3168; baseline 0 -24"><span class='ocrx_word' id='word_1_246' title='bbox 121 3116 154 3168; x_wconf 81' lang='lat'>81</span> <span class='ocrx_word' id='word_1_247' title='bbox 242 3075 404 3164; x_wconf 83' lang='lat' dir='ltr'>Sequitur,</span> <span class='ocrx_word' id='word_1_248' title='bbox 426 3081 465 3144; x_wconf 93' lang='lat' dir='ltr'>ut</span> <span class='ocrx_word' id='word_1_249' title='bbox 487 3077 621 3144; x_wconf 87' lang='lat' dir='ltr'>doceam</span> <span class='ocrx_word' id='word_1_250' title='bbox 643 3077 754 3145; x_wconf 85' lang='lat' dir='ltr'>omnia</span> <span class='ocrx_word' id='word_1_251' title='bbox 776 3076 923 3144; x_wconf 87' lang='lat' dir='ltr'>subiecta</span> <span class='ocrx_word' id='word_1_252' title='bbox 945 3099 1016 3144; x_wconf 89' lang='lat' dir='ltr'>esse</span> <span class='ocrx_word' id='word_1_253' title='bbox 1038 3082 1187 3163; x_wconf 87' lang='lat' dir='ltr'>naturae,</span> <span class='ocrx_word' id='word_1_254' title='bbox 1308 3110 1309 3167; x_wconf 59' lang='lat' dir='ltr'>q</span> 
     </span>
     <span class='ocr_line' id='line_1_33' title="bbox 175 3163 1188 3252; baseline 0 -19"><span class='ocrx_word' id='word_1_255' title='bbox 175 3189 277 3252; x_wconf 88' lang='lat' dir='ltr'>eaque</span> <span class='ocrx_word' id='word_1_256' title='bbox 299 3167 341 3233; x_wconf 85' lang='lat' dir='ltr'>ab</span> <span class='ocrx_word' id='word_1_257' title='bbox 364 3187 404 3233; x_wconf 86' lang='lat' dir='ltr'>ea</span> <span class='ocrx_word' id='word_1_258' title='bbox 425 3165 639 3252; x_wconf 86' lang='lat' dir='ltr'>pulcherrime</span> <span class='ocrx_word' id='word_1_259' title='bbox 662 3166 740 3252; x_wconf 87' lang='lat' dir='ltr'>geri.</span> <span class='ocrx_word' id='word_1_260' title='bbox 785 3163 848 3232; x_wconf 85' lang='lat' dir='ltr'>Sed</span> <span class='ocrx_word' id='word_1_261' title='bbox 871 3166 949 3252; x_wconf 89' lang='lat' dir='ltr'>quid</span> <span class='ocrx_word' id='word_1_262' title='bbox 971 3165 1016 3232; x_wconf 90' lang='lat' dir='ltr'>sit</span> <span class='ocrx_word' id='word_1_263' title='bbox 1037 3166 1110 3251; x_wconf 87' lang='lat' dir='ltr'>ipsa</span> <span class='ocrx_word' id='word_1_264' title='bbox 1130 3188 1188 3233; x_wconf 90' lang='lat' dir='ltr'>na·</span> 
     </span>
     <span class='ocr_line' id='line_1_34' title="bbox 174 3254 1309 3342; baseline -0.001 -21"><span class='ocrx_word' id='word_1_265' title='bbox 174 3260 263 3339; x_wconf 86' lang='lat' dir='ltr'>tura,</span> <span class='ocrx_word' id='word_1_266' title='bbox 291 3254 517 3342; x_wconf 85' lang='lat' dir='ltr'>explicandum</span> <span class='ocrx_word' id='word_1_267' title='bbox 544 3259 595 3320; x_wconf 87' lang='lat' dir='ltr'>est</span> <span class='ocrx_word' id='word_1_268' title='bbox 622 3258 699 3321; x_wconf 90' lang='lat' dir='ltr'>ante</span> <span class='ocrx_word' id='word_1_269' title='bbox 721 3254 878 3339; x_wconf 81' lang='lat' dir='ltr'>breviter,</span> <span class='ocrx_word' id='word_1_270' title='bbox 906 3277 970 3341; x_wconf 86' lang='lat' dir='ltr'>quo</span> <span class='ocrx_word' id='word_1_271' title='bbox 992 3254 1121 3321; x_wconf 83' lang='lat' dir='ltr'>facilius</span> <span class='ocrx_word' id='word_1_272' title='bbox 1143 3255 1187 3339; x_wconf 82' lang='lat' dir='ltr'>id,</span> <span class='ocrx_word' id='word_1_273' title='bbox 1308 3322 1309 3333; x_wconf 55' lang='grc'>,</span> 
     </span>
     <span class='ocr_line' id='line_1_35' title="bbox 176 3341 1227 3430; baseline -0.005 -21"><span class='ocrx_word' id='word_1_274' title='bbox 176 3344 262 3429; x_wconf 92' lang='lat' dir='ltr'>quod</span> <span class='ocrx_word' id='word_1_275' title='bbox 290 3343 403 3411; x_wconf 89' lang='lat' dir='ltr'>docere</span> <span class='ocrx_word' id='word_1_276' title='bbox 430 3344 594 3430; x_wconf 85' lang='lat' dir='ltr'>volumus,</span> <span class='ocrx_word' id='word_1_277' title='bbox 621 3343 772 3429; x_wconf 78' lang='lat' dir='ltr'>intellegi</span> <span class='ocrx_word' id='word_1_278' title='bbox 797 3343 912 3429; x_wconf 90' lang='lat' dir='ltr'>possit.</span> <span class='ocrx_word' id='word_1_279' title='bbox 956 3341 1107 3430; x_wconf 86' lang='lat' dir='ltr'>Namque</span> <span class='ocrx_word' id='word_1_280' title='bbox 1130 3343 1227 3409; x_wconf 76' lang='lat' dir='ltr'>aliiae</span> 
     </span>
    </p>
   </div>
   <div class='ocr_carea' id='block_1_3' title="bbox 174 3431 1189 3604">
    <p class='ocr_par' dir='ltr' id='par_1_9' title="bbox 174 3431 1309 3605">
     <span class='ocr_line' id='line_1_36' title="bbox 174 3431 1189 3517; baseline 0 -18"><span class='ocrx_word' id='word_1_281' title='bbox 174 3435 329 3499; x_wconf 86' lang='lat' dir='ltr'>naturam</span> <span class='ocrx_word' id='word_1_282' title='bbox 351 3454 422 3500; x_wconf 89' lang='lat' dir='ltr'>csse</span> <span class='ocrx_word' id='word_1_283' title='bbox 445 3435 580 3498; x_wconf 87' lang='lat' dir='ltr'>censent</span> <span class='ocrx_word' id='word_1_284' title='bbox 601 3431 669 3498; x_wconf 80' lang='lat' dir='ltr'>vim</span> <span class='ocrx_word' id='word_1_285' title='bbox 692 3431 854 3517; x_wconf 87' lang='lat' dir='ltr'>quandam</span> <span class='ocrx_word' id='word_1_286' title='bbox 873 3431 942 3497; x_wconf 87' lang='lat' dir='ltr'>sine</span> <span class='ocrx_word' id='word_1_287' title='bbox 959 3431 1087 3498; x_wconf 89' lang='lat' dir='ltr'>ratione</span> <span class='ocrx_word' id='word_1_288' title='bbox 1105 3431 1189 3499; x_wconf 88' lang='lat' dir='ltr'>cien-</span> 
     </span>
     <span class='ocr_line' id='line_1_37' title="bbox 175 3518 1189 3604; baseline -0.001 -17"><span class='ocrx_word' id='word_1_289' title='bbox 175 3524 242 3587; x_wconf 91' lang='lat' dir='ltr'>tem</span> <span class='ocrx_word' id='word_1_290' title='bbox 266 3524 375 3587; x_wconf 85' lang='lat' dir='ltr'>motus</span> <span class='ocrx_word' id='word_1_291' title='bbox 397 3521 433 3587; x_wconf 92' lang='lat' dir='ltr'>in</span> <span class='ocrx_word' id='word_1_292' title='bbox 455 3518 645 3604; x_wconf 87' lang='lat' dir='ltr'>corporibus</span> <span class='ocrx_word' id='word_1_293' title='bbox 666 3519 880 3601; x_wconf 85' lang='lat' dir='ltr'>necessarios,</span> <span class='ocrx_word' id='word_1_294' title='bbox 908 3520 966 3586; x_wconf 88' lang='lat' dir='ltr'>alii</span> <span class='ocrx_word' id='word_1_295' title='bbox 988 3523 1098 3586; x_wconf 86' lang='lat' dir='ltr'>autem</span> <span class='ocrx_word' id='word_1_296' title='bbox 1120 3519 1189 3587; x_wconf 77' lang='lat' dir='ltr'>rins</span> 
     </span>
    </p>
   </div>
   <div class='ocr_carea' id='block_1_4' title="bbox 0 0 1343 3908">
    <p class='ocr_par' dir='ltr' id='par_1_10' title="bbox 0 0 1343 3908">
     <span class='ocr_line' id='line_1_38' title="bbox 0 0 1343 3908; baseline 0 0"><span class='ocrx_word' id='word_1_297' title='bbox 0 0 1343 3908; x_wconf 95' lang='lat' dir='ltr'> </span> 
     </span>
    </p>
   </div>
  </div>
 </body>
</html>
