2630 3904
194 235 239 302 34
501 233 551 287 DE
569 233 721 289 NATURA
738 230 893 288 DEORUM

194 379 421 466 cognationem
449 400 658 466 agnoscerem
684 400 750 444 non
767 377 908 444 invitus.
952 376 1045 442 Nihil
1069 377 1137 442 tale
1162 376 1210 442 di·

194 468 278 553 citis,
296 469 352 533 sed
371 489 448 534 casu
466 489 537 533 esse
554 466 687 551 factum,
705 470 742 531 ut
760 488 903 531 essemus
923 466 1046 531 similes
1062 466 1209 531 deorum.

193 556 239 622 Et
260 578 345 622 nunc
369 560 562 643 argumenta
585 554 767 640 quaerenda
787 558 871 639 sunt,
895 555 1013 640 quibus
1031 554 1094 620 hoc
1111 553 1210 618 refel-

194 646 305 710 latur?
340 644 477 717 Utinam
500 648 569 710 tam
590 643 687 709 facile
705 665 783 709 vera
801 643 944 708 invenire
962 643 1087 728 possim
1106 664 1210 727 quam

141 733 280 800 33falsa
308 733 512 800 convinceret
564 732 697 798 Etenim
726 731 924 797 enumerasti
953 731 1143 798 memoriter
1175 735 1249 795 eti

194 823 337 908 copiose,
364 825 403 888 ut
430 820 511 886 mihi
538 821 667 906 quidem
690 820 844 886 admirari
866 821 994 886 luberet
1015 820 1051 884 in
1072 818 1209 885 homine

195 932 266 976 esse
284 910 432 975 Romano
455 912 583 975 tantam
605 909 783 993 scientiam,
805 928 907 994 usque
926 908 1062 974 aThale
1074 908 1208 973 Milesio

142 1013 175 1064 oa
195 1000 234 1064 de
254 998 387 1064 deorum
404 1001 523 1063 natura
540 997 810 1082 philosophorum
824 997 1012 1063 sententias.
1042 995 1209 1062 Omnesne

194 1087 257 1154 tibi
282 1086 333 1151 illi
356 1085 494 1153 delirare
516 1085 579 1151 visi
602 1088 690 1169 sunt,
718 1086 774 1170 qui
797 1086 866 1151 sine
888 1086 1039 1151 manibus
1062 1089 1096 1150 et
1117 1085 1209 1171 pedi·

194 1176 255 1240 bus
283 1178 432 1240 constare
460 1175 555 1240 deum
580 1195 677 1259 posse
705 1173 926 1241 decreverint?
967 1173 1018 1239 Ne
1046 1174 1108 1240 hoc
1137 1174 1250 1259 qui-10

195 1263 267 1328 dem
295 1284 354 1329 ros
378 1266 487 1328 movet
509 1261 756 1347 considerantis,
785 1284 868 1347 quae
890 1263 936 1328 sit
956 1262 1085 1329 utilitas
1109 1284 1208 1347 quae-

195 1372 257 1437 que
285 1353 491 1436 oportunitas
518 1352 554 1416 in
580 1351 711 1416 homine
732 1352 967 1435 membrorum,
994 1354 1032 1417 ut
1054 1350 1207 1416 iudicetis

195 1439 350 1505 membris
368 1440 519 1506 humanis
538 1439 615 1505 deos
632 1461 699 1505 non
716 1440 833 1525 egere?
866 1438 949 1515 Quid
965 1440 1052 1504 enim
1066 1439 1206 1525 pedibus

195 1550 276 1614 opus
304 1528 451 1594 estsine
482 1528 654 1614 ingressu?
682 1528 760 1612 quid
781 1528 945 1613 manibus,
974 1528 1003 1593 si
1024 1528 1108 1593 nihil
1131 1549 1207 1594 con-

194 1615 455 1703 prehendendum
479 1617 550 1682 est?
579 1616 656 1701 quid
678 1617 804 1700 reliqua
826 1616 1035 1702 discriptione
1058 1617 1206 1682 omnium
1220 1628 1244 1670 1⁵

69 1748 116 1787 *a
194 1705 340 1790 corporis
362 1705 515 1790 partium,
536 1704 572 1770 in
595 1726 659 1789 qua
675 1705 758 1769 nihil
781 1705 885 1788 inane,
907 1704 990 1769 nihil
1009 1704 1078 1770 sine
1097 1727 1205 1786 causa,

55 1814 92 1871 s:
194 1794 277 1858 nihil
307 1815 580 1878 supervacaneum
610 1792 683 1858 est?
731 1792 846 1877 Itaque
874 1792 967 1857 nulla
997 1814 1050 1858 ars
1080 1792 1205 1859 imitari

42 1870 71 1921 ⁶
176 1880 376 1960 xsollertiam
408 1885 545 1946 naturae
576 1883 720 1971 PQledlrs
745 1880 890 1947 Habebit
921 1881 1024 1967 igitur
1055 1881 1204 1968 linguam

15 1960 46 2015 l
92 1966 105 2051 ’ᾗ
195 1971 272 2036 deus
296 1972 329 2035 et
350 1991 417 2035 non
437 1968 599 2053 loqdetdr,
622 1964 743 2053 dentes,
764 1971 921 2055 palatum,
943 1969 1053 2035 fauces
1075 1971 1203 2035 nullum

195 2058 236 2125 ad
258 2079 366 2142 usum,
389 2078 534 2142 quaeque
556 2058 790 2143 procreationis
814 2080 912 2124 causa
933 2063 1052 2123 natura
1073 2059 1203 2144 corpori
1217 2074 1241 2114 2⁰

195 2146 344 2230 adfinxit,
372 2168 411 2210 ea
437 2145 561 2210 frustra
582 2144 717 2210 habebit
740 2146 831 2230 deus,
857 2168 917 2211 nec
940 2150 1074 2212 externa
1096 2147 1203 2234 magis

173 2254 293 2321 iquam
315 2234 479 2318 interiora,
502 2255 566 2318 cor,
588 2234 767 2319 pulmones,
788 2234 886 2318 iecur,
908 2240 1024 2319 cetera,
1047 2256 1131 2320 quae
1153 2235 1203 2300 de·

176 2326 301 2389 'tracta
318 2322 463 2387 utilitate
481 2322 558 2407 quid
575 2321 698 2388 habent
716 2323 919 2388 venustatis?
943 2323 1202 2408 quandoquidem

141 2426 174 2477 93
188 2414 363 2505 ,haeffsse
380 2411 416 2475 in
429 2410 488 2476 deo
501 2414 637 2497 propter
654 2411 927 2497 pulchritudinem
941 2412 1049 2477 voltis.
1081 2410 1202 2477 Istisne

194 2500 329 2566 fidentes
339 2499 473 2565 somniis
481 2521 548 2565 non
557 2499 653 2565 modo
661 2500 819 2584 Epicurus
829 2505 862 2565 et
869 2499 1073 2565 Metrodorus
1084 2499 1201 2566 etHer-
1214 2514 1239 2557 ὓ

193 2587 344 2654 marchas
356 2591 469 2653 contra
479 2586 711 2674 Pythagoram,
724 2587 895 2654 Platonem
906 2587 1201 2673 Empedoclemque

38 2754 42 2763 p
63 2706 71 2747 i
194 2678 352 2760 dixerunt,
370 2675 426 2769 sed
444 2676 651 2742 meretricula
664 2676 763 2742 etiam
776 2675 948 2742 Leontium
967 2681 1082 2743 contra
1098 2677 1201 2743 Theo-

89 2758 96 2775 ⁹
194 2766 364 2852 phrastum
386 2762 527 2831 scribere
543 2764 710 2830 aus'a‘est?
729 2765 811 2830 scito
828 2765 888 2831 illa
905 2764 1034 2850 quidem
1053 2787 1200 2832 sermone

194 2857 228 2920 et
241 2852 363 2937 Attico,
381 2852 439 2918 sed
456 2857 574 2918 tamen.
602 2852 744 2918 Tantum
756 2852 891 2938 Epicuri
904 2854 1019 2919 hortus
1034 2855 1151 2920 habuit
1164 2855 1201 2920 li·

195 2942 327 3008 centiae.
359 2940 404 3008 Et
417 2941 531 3006 soletis
552 2941 655 3025 queri3
675 2940 760 3007 Zeno
780 2941 909 3026 quidem
924 2942 1022 3007 etiam
1037 2943 1239 3030 litigabatis

195 3029 278 3107 Quid
297 3030 401 3096 dicam
420 3028 617 3094 Albucium?
639 3028 725 3094 Nam
740 3029 888 3096 Phaedro
906 3030 989 3095 nihil
1008 3031 1198 3118 elegantius,

63 3166 67 3185 ι
151 3192 155 3197 ,
193 3117 538 3202 nihilhumanius3sed
546 3118 812 3184 stomachabatur
820 3118 962 3203 senensi
972 3118 1200 3205 quidasperius

83 3202 87 3217 ⁴
130 3212 144 3237 ⁵
176 3209 351 3309 [dixeram
379 3228 452 3271 cum
473 3204 633 3291 Epicurus
657 3207 869 3272 Aristotelem
890 3207 1018 3272 vexarit
1039 3212 1200 3274 contume-

31 3294 36 3305 “
80 3368 87 3381 f
139 3356 153 3381 ,Ι
178 3295 377 3377 liosissime,
400 3292 567 3372 Phaedoni
581 3291 745 3362 Socratico
764 3295 953 3381 turpissime
972 3295 1057 3361 male
1076 3296 1199 3382 dixerit,
1301 3360 1302 3373 ,

109 3408 131 3467 ῥ’
180 3376 379 3464 ‘Metrodori
397 3382 518 3448 sodalis
533 3383 591 3466 sui,
609 3383 755 3468 fratrem,
773 3383 988 3469 Timocraten,
1002 3385 1079 3470 quia
1091 3386 1198 3451 nescio
1212 3400 1238 3446 ss

194 3471 270 3557 quid
293 3470 327 3535 in
343 3470 554 3557 philosophia
572 3472 769 3557 dissentiret,
792 3472 872 3537 totis
890 3473 1111 3539 voluminibus
1129 3495 1199 3540 con·

193 3558 315 3639 ciderit,
335 3558 369 3623 in
387 3558 610 3626 Democritum
627 3562 744 3647 ipsum,
763 3582 859 3644 quem
878 3564 1006 3626 secutus
1027 3565 1086 3637 est,
1102 3561 1200 3627 fuerit

13 3354 29 3399 i
