2652 3920
182 129 247 194 152
530 129 579 185 De
599 130 845 186 DIVINATIONE
914 162 915 165 =

225 273 425 359 Multaque
448 273 604 340 misceri
625 278 817 342 nocturna
839 277 973 362 strage
995 277 1161 362 putasti,

226 361 333 438 Quod
363 361 485 428 ferme
517 362 640 428 dirum
671 362 712 428 in
743 366 894 447 ternpus
923 363 1097 430 cecidere
1123 363 1193 432 La·

982 451 1103 537 tinae,

226 537 317 606 Cum
339 540 484 606 claram
507 539 677 625 speciem
699 542 880 607 concreto
904 539 1049 607 lumine
1072 541 1164 607 luna

226 627 1206 715 Abdiditetsubitostellantinocteperemptaest..

205 729 206 733 ’
226 715 324 792 Quid
346 737 437 782 vero
459 715 608 782 Phoebi
629 715 711 801 fex,
733 715 867 782 tristis
888 717 1026 782 nuntia
1047 718 1158 801 belli,
1220 737 1235 779 s

226 803 328 882 Quae
355 825 535 892 magnum
561 804 607 870 ad
629 804 806 872 columen
827 803 1030 871 flammato
1054 806 1193 872 ardore

927 894 1090 960 volabat

211 979 464 1067 ‘Praecipitis
483 980 583 1048 caeli
600 980 727 1067 partis
741 980 950 1066 obitusque
967 945 1193 1068 petesiens?

226 1069 304 1136 Aut
326 1091 409 1136 cum
432 1069 611 1135 terribili
633 1071 836 1155 perculsus
858 1070 1023 1136 fulmine
1046 1071 1144 1137 civis
1268 1132 1270 1137 .

225 1158 325 1224 Luce
347 1158 548 1224 serenanti
569 1158 714 1224 vitalia
736 1157 884 1223 lumina
906 1159 1048 1243 liquit?

226 1245 629 1334 Autcumsegravido
643 1244 1036 1333 tremefecitcorpore
1049 1247 1193 1314 tellus?
1208 1270 1236 1311 ιο

225 1333 306 1402 Iam
328 1356 418 1401 vero
441 1334 575 1401 variae
596 1338 789 1401 nocturno
812 1338 988 1421 tempore
1010 1335 1117 1401 visae

225 1422 443 1489 Terribiles
474 1423 622 1490 formae
654 1423 802 1488 bellum
833 1427 1037 1509 motusque
1066 1445 1193 1490 mone·

996 1512 1104 1597 bant,

224 1600 426 1686 Multaque
448 1622 516 1686 per
537 1603 666 1666 terras
689 1603 800 1665 vates
823 1600 956 1666 oracla
977 1600 1127 1666 furenti
1234 1666 1237 1685 ,

224 1689 389 1756 Pectore
414 1687 643 1754 fundebant·
658 1687 791 1753 tristis
819 1688 1045 1754 minitantia
1067 1710 1192 1774 casus,

226 1777 353 1864 Atque
384 1798 441 1863 ea,
475 1798 571 1863 quse
600 1777 714 1862 lapsu
746 1776 900 1842 tandem
929 1777 1101 1843 cecidere
1132 1799 1193 1843 ve·
1207 1795 1233 1838 1⁵

982 1869 1104 1950 tusto,

225 1953 329 2022 Haec
366 1953 450 2020 fore
486 1952 688 2039 perpetuis
725 1953 852 2039 signis
888 1953 1083 2039 clarisque
1117 1953 1193 2020 fre·

915 2046 1103 2127 quentans

225 2130 242 2195 l
275 2152 314 2196 se
337 2130 446 2196 deum
470 2128 626 2216 genitor
648 2129 757 2195 caelo
780 2129 975 2219 terrisque
998 2131 1170 2196 canebat

263 2241 334 2286 unc
357 2240 414 2304 ee,
436 2217 634 2302 Torquato
654 2239 750 2302 quae
769 2218 959 2302 quondam
978 2220 1193 2373 egconsule

1018 2311 1104 2373 otta

225 2394 367 2481 Lydius
391 2394 567 2460 ediderat
589 2393 812 2479 Tyrrhenae
835 2393 964 2481 gentis
986 2395 1193 2482 haruspex,

227 2482 362 2549 Omnia
374 2482 457 2548 lixa
470 2486 562 2547 tirus
576 2482 799 2569 glomerans
814 2482 1048 2550 determinat
1062 2505 1192 2550 annus.
1206 2501 1233 2542 ω

226 2571 322 2638 Nam
339 2574 453 2658 pater
471 2569 689 2636 altitonans
705 2570 891 2637 stellanti
902 2570 1015 2638 nixus
1029 2571 1191 2658 Olympo

225 2660 314 2747 Ipse
333 2681 423 2726 suos
443 2659 633 2744 quondam
646 2659 817 2726 tumulos
832 2660 1035 2746 actempla
1048 2661 1193 2747 petivit

225 2749 275 2814 Et
297 2746 540 2835 Capitolinis
562 2747 702 2813 iniecit
725 2748 882 2814 sedibus
905 2747 1018 2834 ignis.
1044 2798 1046 2802 »

226 2838 319 2904 Tum
333 2836 539 2922 speciesex
554 2858 641 2902 aere
654 2836 1192 2921 retusvenerataqueNattae

226 2925 422 3010 Concidit,
449 2925 686 3011 elapsaeque
713 2928 871 2990 vetusto
893 2924 1047 2991 numine
1070 2925 1233 3013 legem

226 3012 277 3079 Et
299 3014 428 3080 divom
450 3013 660 3079 simulacre
682 3013 848 3099 peremit
869 3012 1046 3080 fulminis
1070 3014 1193 3081 ardor.

227 3101 299 3169 Hic
321 3102 522 3168 siluestris
545 3106 630 3169 erat
652 3101 815 3168 Romani
835 3101 1003 3168 nominis
1027 3102 1162 3188 altrix,

225 3190 382 3275 Martia,
410 3212 506 3275 quae
529 3196 672 3275 ¹parvos
695 3189 886 3256 Mavortis
910 3189 1056 3256 semine
1078 3195 1192 3257 natos

225 3277 421 3347 Uberibus
445 3277 620 3367 gravidis
643 3277 761 3343 vitali
783 3299 870 3344 rore
893 3277 1065 3364 rigabat3

225 3365 328 3445 Quae
345 3371 426 3434 tum
444 3389 527 3434 cum
542 3365 677 3453 pueris
695 3364 898 3432 flammato
916 3364 1095 3432 fulminis
1114 3367 1194 3435 ictu
1207 3383 1233 3425 ω

225 3454 406 3524 Concidit
429 3460 545 3539 atque
564 3453 700 3546 avolsa
718 3453 855 3537 pedum
873 3453 1047 3540 vestigia
1064 3455 1194 3542 liquit.
