2654 3924
171 185 238 251 264
594 182 643 236 DE
662 182 755 237 FATO

170 350 240 394 esse
268 326 398 413 possint
424 327 583 412 intellegi.
627 327 743 413 ltaque
770 327 898 393 dicebat
925 325 1107 393 Carneades
1133 348 1176 392 ne

169 417 357 501 Apollinem
387 416 516 502 quidem
545 416 656 481 futura
682 437 778 501 posse
805 416 910 481 dicere
932 416 996 480 nisi
1019 438 1070 500 ea,
1099 438 1177 501 quo-

169 527 242 570 rum
265 526 379 571 causas
401 510 520 571 natura
541 505 590 570 ita
612 505 804 590 contineret,
833 508 870 570 ut
893 527 931 569 ea
953 504 1024 569 fieri
1045 526 1176 570 necesse

117 606 150 654 83
170 597 264 658 esset.
305 592 389 670 Quid
416 593 503 658 enim
530 597 679 678 spectans
706 593 784 658 deus
806 593 878 678 ipse
899 593 1021 658 diceret
1042 591 1177 658 Mareel-

169 683 238 748 lum
257 705 339 767 eum,
363 682 418 766 qui
435 686 486 748 ter
505 682 617 747 consul
634 681 707 766 fuit,
729 682 764 746 in
782 682 866 746 mari
884 702 954 746 esse
973 681 1176 765 periturum?
1204 701 1219 739 ⁵

168 771 251 837 Erat
273 770 336 837 hoc
358 770 487 855 quidem
510 792 623 835 verum
646 788 685 834 ex
708 770 910 853 aeternitate,
933 769 989 834 sed
1009 791 1123 836 causas
1142 769 1177 833 id

170 859 339 925 efficientis
362 881 428 924 non
450 858 602 923 habebat.
638 857 691 923 Iba
712 880 753 923 ne
775 858 954 944 praeterita
977 858 1106 942 quidem
1129 881 1176 941 ea,

170 970 307 1032 quorum
330 946 422 1012 nulla
440 947 535 1033 signa
553 950 720 1031 tamquam
738 946 880 1032 vestigia
897 945 1177 1032 extarent,·Apol-

170 1037 230 1101 lini
247 1039 327 1101 nota
345 1057 415 1100 esse
434 1036 600 1119 censebat3
624 1057 688 1119 quo
702 1035 808 1100 minna
821 1035 945 1100 futura!
969 1035 1074 1100 causis
1090 1035 1176 1100 enirn

170 1124 384 1190 efficientibus
403 1144 563 1209 quamque
581 1146 651 1189 rem
669 1123 809 1208 cognitis
827 1145 923 1208 posse
941 1124 1078 1207 denique
1092 1123 1176 1207 sciri,
1191 1144 1219 1183 ιο

171 1212 247 1297 quid
274 1212 420 1277 futurum
448 1216 541 1277 esset.
581 1211 671 1297 Ergo
698 1234 758 1277 nec
784 1212 823 1277 de
846 1211 1008 1296 Oedipode
1030 1212 1176 1297 potuisse

170 1300 357 1386 Apollinem
388 1301 572 1386 praedicere
603 1301 704 1366 nullis
729 1301 765 1365 in
791 1322 899 1365 rerum
925 1304 1044 1365 natura
1070 1300 1177 1366 causis

170 1388 380 1475 praepositis,
407 1411 464 1455 cur
491 1389 532 1454 ab
559 1410 597 1454 eo
620 1393 747 1474 patrem
770 1388 908 1454 interfici
929 1409 1059 1454 necesse
1082 1392 1177 1472 esset,

120 1483 229 1548 lbnec
261 1478 432 1563 quicquam
464 1478 532 1543 eius
560 1477 656 1543 modi.
701 1476 870 1561 Quocirca,
902 1477 931 1542 si
957 1476 1089 1561 Stoicis,
1121 1477 1177 1560 qui

171 1566 281 1632 omnia
301 1566 372 1633 lato
395 1567 467 1633 fieri
489 1566 609 1651 dicunt,
632 1569 883 1631 consentaneum
906 1569 957 1631 est
973 1565 1069 1630 huius
1088 1565 1177 1630 modi
1191 1582 1218 1624 1⁵

171 1656 281 1722 oracla
298 1660 477 1740 ceteraque,
501 1676 582 1739 quae
601 1678 622 1720 a
640 1654 838 1720 divinatione
853 1654 1020 1739 ducuntur,
1044 1675 1177 1740 conpro-

170 1745 263 1829 bare,
289 1745 330 1810 iis
353 1748 474 1828 autem,
502 1743 570 1828 qui,
596 1765 678 1827 quae
700 1743 812 1807 futura
835 1745 923 1826 sunt,
946 1765 985 1807 ea
1007 1764 1085 1808 vera
1107 1763 1177 1807 esse

171 1855 209 1898 ex
237 1833 430 1899 aeternitate
458 1831 582 1914 dicunt,
611 1853 677 1896 non
700 1832 785 1896 idem
809 1831 978 1897 dicendum
1001 1835 1065 1915 est,
1093 1831 1177 1913 ride,

170 1944 211 1986 ne
229 1943 295 1986 non
313 1920 424 1985 eadem
444 1919 488 1984 sit
505 1919 637 2021 illorum
655 1941 753 1985 causa
771 1923 804 1984 et
819 1918 1015 2004 Stoicorum
1037 1919 1072 1983 hi
1091 1919 1177 1984 enim

119 2110 153 2158 a
170 2008 981 2182 tuttiadtitulatur&,tl-133
998 2007 1178 2163 iirbbu
1191 2027 1219 2066 ²⁰

172 2186 394 2268 antecedente,
422 2184 499 2268 quid
521 2184 724 2269 proficiatur,
746 2185 775 2249 si
798 2207 836 2250 ea
858 2206 956 2250 cansa
977 2207 1044 2250 non
1066 2207 1105 2249 ex
1128 2206 1178 2249 ae-

170 2274 273 2338 ternis
296 2273 402 2339 causis
425 2277 503 2358 apta
525 2272 673 2338 dicatur?
705 2272 811 2339 Causa
833 2277 943 2339 autem
961 2295 1000 2338 ea
1018 2276 1077 2356 est,
1097 2293 1178 2356 quae

171 2362 204 2427 id
227 2361 340 2446 efficit,
363 2361 453 2427 cuius
476 2366 527 2426 est
549 2383 660 2445 causa,
683 2366 719 2426 ut
742 2362 859 2426 vulnus
883 2361 1012 2445 mortis,
1035 2361 1177 2427 cruditas

171 2451 291 2535 morbi,
318 2450 404 2536 ignis
433 2449 568 2516 ardoris.
609 2448 725 2535 Itaque
752 2471 818 2517 non
840 2450 887 2516 sic
909 2471 1008 2516 causa
1030 2448 1177 2534 intellegi
1191 2466 1217 2507 aa

172 2539 277 2622 debet,
301 2542 347 2622 ut,
371 2538 456 2622 quod
479 2539 593 2622 cuique
617 2539 795 2622 antecedat,
817 2538 851 2603 id
874 2537 903 2602 ei
927 2559 1025 2604 causa
1047 2538 1099 2621 sit,
1122 2537 1179 2602 sed

162 2627 258 2713 ¹quod
276 2627 390 2710 cuique
409 2626 585 2692 efficienter
599 2627 777 2712 antecedat,
794 2649 862 2711 neo,
881 2626 967 2710 quod
980 2627 1015 2691 in
1029 2648 1178 2711 campum

172 2714 405 2798 descenderim,
431 2715 465 2779 id
486 2714 587 2780 fuisse
611 2737 740 2797 causae,
768 2737 824 2780 cur
846 2715 915 2799 pila
941 2714 1098 2798 luderem,
1120 2736 1179 2778 nee

171 2803 340 2870 Hecubam
364 2825 494 2869 eausam
517 2803 667 2868 interitus
689 2803 790 2868 fuisse
813 2802 971 2886 Troianis,
997 2802 1082 2887 quod
1105 2802 1179 2867 Ale-

172 2893 331 2958 xandrum
351 2891 508 2976 genuerit,
530 2912 590 2955 nec
607 2891 813 2974 Tyndareum
826 2890 1074 2978 Agamemnoni,
1093 2890 1179 2975 quod
1192 2906 1219 2947 ευ

173 2980 476 3066 Clytaemnestram.
512 2977 584 3044 Hoc
608 2978 693 3043 enim
712 2979 808 3044 modo
826 2979 934 3045 uiator
953 3001 1080 3064 quoque
1098 2979 1180 3045 bene

172 3070 311 3135 vestitus
344 3089 442 3133 eausa
474 3067 653 3155 grassatori
685 3066 785 3132 fuisse
817 3067 954 3152 dicetur,
985 3090 1042 3133 cur
1069 3067 1111 3133 ab
1143 3088 1180 3131 eo

119 3170 153 3221 at
173 3157 379 3244 spoliaretur.
423 3154 473 3220 Ex
496 3156 558 3221 hoo
582 3176 699 3242 genere
722 3155 803 3221 illud
827 3159 877 3220 est
899 3154 1010 3220 Ennii:

209 3245 365 3312 Utinam
388 3265 433 3309 ne
456 3243 495 3307 in
516 3265 671 3309 nemore
693 3243 802 3310 Pelio
826 3245 1026 3309 securibus

208 3332 351 3399 Caesae
366 3331 602 3396 decidissent
616 3332 804 3419 abiegnae
818 3332 863 3397 ad
878 3333 1021 3397 terram
1035 3332 1219 3397 trabeales

173 3421 280 3486 Licuit
302 3419 355 3484 vel
378 3419 491 3485 altius:
515 3419 667 3487 ‘Utinam
689 3442 730 3485 ne
752 3420 787 3484 in
809 3419 900 3485 Pelio
922 3423 1002 3485 nata
1024 3420 1093 3485 ulla
1114 3443 1182 3485 um·

173 3526 269 3590 qnam
293 3511 377 3571 esset
399 3506 524 3573 arborl'
578 3508 676 3574 etiam
704 3530 815 3594 supra:
848 3507 1000 3572 ‘Utinam
1026 3529 1069 3572 ne
1096 3513 1182 3574 esset
