<?xml version="1.0" encoding="UTF-8"?>
<!DOCTYPE html PUBLIC "-//W3C//DTD XHTML 1.0 Transitional//EN"
    "http://www.w3.org/TR/xhtml1/DTD/xhtml1-transitional.dtd">
<html xmlns="http://www.w3.org/1999/xhtml" xml:lang="en" lang="en">
 <head>
  <title>
</title>
<meta http-equiv="Content-Type" content="text/html;charset=utf-8" />
  <meta name='ocr-system' content='tesseract 3.04.00' />
  <meta name='ocr-capabilities' content='ocr_page ocr_carea ocr_par ocr_line ocrx_word'/>
</head>
<body>
  <div class='ocr_page' id='page_1' title='image "./mtulliiciceroni00salegoog_0189.png"; bbox 0 0 2652 3908; ppageno 0'>
   <div class='ocr_carea' id='block_1_1' title="bbox 160 103 939 170">
    <p class='ocr_par' dir='ltr' id='par_1_1' title="bbox 160 103 939 170">
     <span class='ocr_line' id='line_1_1' title="bbox 160 103 939 170; baseline -0.019 -1"><span class='ocrx_word' id='word_1_1' title='bbox 160 103 224 170; x_wconf 85' lang='grc'>136</span> <span class='ocrx_word' id='word_1_2' title='bbox 464 105 514 165; x_wconf 77' lang='lat' dir='ltr'>DE</span> <span class='ocrx_word' id='word_1_3' title='bbox 533 105 689 163; x_wconf 69' lang='lat' dir='ltr'>Neruae</span> <span class='ocrx_word' id='word_1_4' title='bbox 705 104 861 162; x_wconf 73' lang='lat' dir='ltr'>buosen</span> <span class='ocrx_word' id='word_1_5' title='bbox 934 126 939 154; x_wconf 67' lang='grc'><em>;</em></span> 
     </span>
    </p>
   </div>
   <div class='ocr_carea' id='block_1_2' title="bbox 103 247 1209 3521">
    <p class='ocr_par' dir='ltr' id='par_1_2' title="bbox 103 247 1209 3521">
     <span class='ocr_line' id='line_1_2' title="bbox 156 247 1169 337; baseline -0.001 -21"><span class='ocrx_word' id='word_1_6' title='bbox 156 249 248 316; x_wconf 89' lang='lat' dir='ltr'>nium</span> <span class='ocrx_word' id='word_1_7' title='bbox 265 249 508 317; x_wconf 78' lang='lat' dir='ltr'>crudelissimus</span> <span class='ocrx_word' id='word_1_8' title='bbox 526 253 597 317; x_wconf 87' lang='lat' dir='ltr'>tam</span> <span class='ocrx_word' id='word_1_9' title='bbox 614 249 670 316; x_wconf 89' lang='lat' dir='ltr'>diu</span> <span class='ocrx_word' id='word_1_10' title='bbox 685 247 794 317; x_wconf 78' lang='lat' dir='ltr'>Cinna</span> <span class='ocrx_word' id='word_1_11' title='bbox 810 250 981 337; x_wconf 69' lang='lat' dir='ltr'>regnarit?</span> <span class='ocrx_word' id='word_1_12' title='bbox 1014 249 1061 315; x_wconf 80' lang='lat' dir='ltr'>At</span> <span class='ocrx_word' id='word_1_13' title='bbox 1079 249 1169 316; x_wconf 86' lang='lat' dir='ltr'>dedit</span> 
     </span>
     <span class='ocr_line' id='line_1_3' title="bbox 104 337 1169 425; baseline -0.003 -18"><span class='ocrx_word' id='word_1_14' title='bbox 104 340 289 424; x_wconf 86' lang='lat' dir='ltr'>33poenas.</span> <span class='ocrx_word' id='word_1_15' title='bbox 341 338 513 404; x_wconf 79' lang='lat' dir='ltr'><strong>Prohiberi</strong></span> <span class='ocrx_word' id='word_1_16' title='bbox 544 337 660 404; x_wconf 88' lang='lat' dir='ltr'>melius</span> <span class='ocrx_word' id='word_1_17' title='bbox 690 337 754 404; x_wconf 82' lang='lat' dir='ltr'>fuit</span> <span class='ocrx_word' id='word_1_18' title='bbox 785 338 1013 425; x_wconf 83' lang='lat' dir='ltr'>impedirique,</span> <span class='ocrx_word' id='word_1_19' title='bbox 1043 360 1085 405; x_wconf 90' lang='lat' dir='ltr'>ne</span> <span class='ocrx_word' id='word_1_20' title='bbox 1116 340 1169 404; x_wconf 84' lang='lat' dir='ltr'>tot</span> 
     </span>
     <span class='ocr_line' id='line_1_4' title="bbox 157 426 1168 513; baseline -0.001 -19"><span class='ocrx_word' id='word_1_21' title='bbox 157 448 303 495; x_wconf 85' lang='lat' dir='ltr'>summos</span> <span class='ocrx_word' id='word_1_22' title='bbox 323 426 411 494; x_wconf 77' lang='lat' dir='ltr'>viros</span> <span class='ocrx_word' id='word_1_23' title='bbox 428 426 636 510; x_wconf 86' lang='lat' dir='ltr'>iuterfieeret,</span> <span class='ocrx_word' id='word_1_24' title='bbox 657 449 757 512; x_wconf 90' lang='lat' dir='ltr'>quam</span> <span class='ocrx_word' id='word_1_25' title='bbox 774 426 882 513; x_wconf 90' lang='lat' dir='ltr'>ipsum</span> <span class='ocrx_word' id='word_1_26' title='bbox 901 427 1075 513; x_wconf 86' lang='lat' dir='ltr'>aliquando</span> <span class='ocrx_word' id='word_1_27' title='bbox 1094 448 1168 513; x_wconf 88' lang='lat' dir='ltr'>poe-</span> 
     </span>
     <span class='ocr_line' id='line_1_5' title="bbox 157 513 1169 601; baseline -0.001 -20"><span class='ocrx_word' id='word_1_28' title='bbox 157 537 217 581; x_wconf 86' lang='lat' dir='ltr'>nas</span> <span class='ocrx_word' id='word_1_29' title='bbox 244 515 332 582; x_wconf 83' lang='lat' dir='ltr'>dara</span> <span class='ocrx_word' id='word_1_30' title='bbox 382 513 516 582; x_wconf 89' lang='lat' dir='ltr'>Summo</span> <span class='ocrx_word' id='word_1_31' title='bbox 543 515 691 583; x_wconf 83' lang='lat' dir='ltr'>oruoistu</span> <span class='ocrx_word' id='word_1_32' title='bbox 719 515 944 601; x_wconf 87' lang='lat' dir='ltr'>supplieioque</span> <span class='ocrx_word' id='word_1_33' title='bbox 973 514 1010 593; x_wconf 68' lang='lat' dir='ltr'>Q</span> <span class='ocrx_word' id='word_1_34' title='bbox 1039 514 1169 601; x_wconf 89' lang='lat' dir='ltr'>Varius,</span> 
     </span>
     <span class='ocr_line' id='line_1_6' title="bbox 137 603 1207 691; baseline -0.006 -21"><span class='ocrx_word' id='word_1_35' title='bbox 137 605 256 673; x_wconf 84' lang='lat' dir='ltr'>-homo</span> <span class='ocrx_word' id='word_1_36' title='bbox 279 605 598 691; x_wconf 69' lang='lat' dir='ltr'>importunissumus,</span> <span class='ocrx_word' id='word_1_37' title='bbox 619 604 731 690; x_wconf 76' lang='lat' dir='ltr'>periit3</span> <span class='ocrx_word' id='word_1_38' title='bbox 754 604 792 689; x_wconf 87' lang='lat' dir='ltr'>si,</span> <span class='ocrx_word' id='word_1_39' title='bbox 815 604 892 690; x_wconf 81' lang='lat' dir='ltr'>quis</span> <span class='ocrx_word' id='word_1_40' title='bbox 908 603 1053 671; x_wconf 79' lang='lat' dir='ltr'>Drusum</span> <span class='ocrx_word' id='word_1_41' title='bbox 1070 603 1167 688; x_wconf 82' lang='lat' dir='ltr'>ferro,</span> <span class='ocrx_word' id='word_1_42' title='bbox 1193 621 1207 664; x_wconf 90' lang='lat' dir='ltr'>s</span> 
     </span>
     <span class='ocr_line' id='line_1_7' title="bbox 157 691 1167 777; baseline -0.002 -18"><span class='ocrx_word' id='word_1_43' title='bbox 157 691 327 759; x_wconf 83' lang='lat' dir='ltr'>Metellum</span> <span class='ocrx_word' id='word_1_44' title='bbox 357 715 481 760; x_wconf 81' lang='lat' dir='ltr'>veneno</span> <span class='ocrx_word' id='word_1_45' title='bbox 513 693 705 777; x_wconf 82' lang='lat' dir='ltr'>sustulerat,</span> <span class='ocrx_word' id='word_1_46' title='bbox 735 693 813 759; x_wconf 88' lang='lat' dir='ltr'>illos</span> <span class='ocrx_word' id='word_1_47' title='bbox 838 693 1024 760; x_wconf 76' lang='lat' dir='ltr'>conservari</span> <span class='ocrx_word' id='word_1_48' title='bbox 1050 692 1167 759; x_wconf 86' lang='lat' dir='ltr'>melius</span> 
     </span>
     <span class='ocr_line' id='line_1_8' title="bbox 157 779 1168 868; baseline 0 -20"><span class='ocrx_word' id='word_1_49' title='bbox 157 780 221 848; x_wconf 85' lang='lat' dir='ltr'>luit</span> <span class='ocrx_word' id='word_1_50' title='bbox 246 803 346 867; x_wconf 86' lang='lat' dir='ltr'>quam</span> <span class='ocrx_word' id='word_1_51' title='bbox 372 803 495 868; x_wconf 83' lang='lat' dir='ltr'>poenas</span> <span class='ocrx_word' id='word_1_52' title='bbox 522 780 654 848; x_wconf 87' lang='lat' dir='ltr'>seeleris</span> <span class='ocrx_word' id='word_1_53' title='bbox 680 779 818 848; x_wconf 87' lang='lat' dir='ltr'>Varium</span> <span class='ocrx_word' id='word_1_54' title='bbox 844 782 992 868; x_wconf 88' lang='lat' dir='ltr'>pendere.</span> <span class='ocrx_word' id='word_1_55' title='bbox 1041 779 1168 848; x_wconf 86' lang='lat' dir='ltr'>Duode-</span> 
     </span>
     <span class='ocr_line' id='line_1_9' title="bbox 158 869 1167 958; baseline -0.002 -22"><span class='ocrx_word' id='word_1_56' title='bbox 158 869 377 958; x_wconf 66' lang='lat' dir='ltr'>quadraginta</span> <span class='ocrx_word' id='word_1_57' title='bbox 399 890 502 936; x_wconf 89' lang='lat' dir='ltr'>annos</span> <span class='ocrx_word' id='word_1_58' title='bbox 523 869 700 956; x_wconf 83' lang='lat' dir='ltr'>Dionysius</span> <span class='ocrx_word' id='word_1_59' title='bbox 723 874 881 955; x_wconf 78' lang='lat' dir='ltr'>tyrannus</span> <span class='ocrx_word' id='word_1_60' title='bbox 903 870 968 937; x_wconf 81' lang='lat' dir='ltr'>tuit</span> <span class='ocrx_word' id='word_1_61' title='bbox 990 869 1167 956; x_wconf 89' lang='lat' dir='ltr'>opulentis·</span> 
     </span>
     <span class='ocr_line' id='line_1_10' title="bbox 103 958 1167 1045; baseline 0.001 -23"><span class='ocrx_word' id='word_1_62' title='bbox 103 973 138 1023; x_wconf 76' lang='lat' dir='ltr'>sa</span> <span class='ocrx_word' id='word_1_63' title='bbox 158 980 269 1026; x_wconf 84' lang='lat' dir='ltr'>sumre</span> <span class='ocrx_word' id='word_1_64' title='bbox 300 963 335 1025; x_wconf 91' lang='lat' dir='ltr'>et</span> <span class='ocrx_word' id='word_1_65' title='bbox 365 958 585 1026; x_wconf 71' lang='lat' dir='ltr'>beatissumae</span> <span class='ocrx_word' id='word_1_66' title='bbox 617 958 775 1042; x_wconf 82' lang='lat' dir='ltr'>eivitatis3</span> <span class='ocrx_word' id='word_1_67' title='bbox 807 981 906 1045; x_wconf 89' lang='lat' dir='ltr'>quam</span> <span class='ocrx_word' id='word_1_68' title='bbox 936 959 1060 1025; x_wconf 87' lang='lat' dir='ltr'>multos</span> <span class='ocrx_word' id='word_1_69' title='bbox 1091 962 1167 1024; x_wconf 83' lang='lat' dir='ltr'>ante</span> 
     </span>
     <span class='ocr_line' id='line_1_11' title="bbox 156 1045 1209 1134; baseline -0.002 -20"><span class='ocrx_word' id='word_1_70' title='bbox 156 1048 243 1115; x_wconf 81' lang='lat' dir='ltr'>hune</span> <span class='ocrx_word' id='word_1_71' title='bbox 273 1047 309 1114; x_wconf 90' lang='lat' dir='ltr'>in</span> <span class='ocrx_word' id='word_1_72' title='bbox 336 1047 411 1134; x_wconf 84' lang='lat' dir='ltr'>ipso</span> <span class='ocrx_word' id='word_1_73' title='bbox 437 1046 593 1113; x_wconf 81' lang='lat' dir='ltr'>Graeeiae</span> <span class='ocrx_word' id='word_1_74' title='bbox 619 1046 699 1114; x_wconf 89' lang='lat' dir='ltr'>flore</span> <span class='ocrx_word' id='word_1_75' title='bbox 725 1046 933 1113; x_wconf 79' lang='lat' dir='ltr'>Pisistratus!</span> <span class='ocrx_word' id='word_1_76' title='bbox 978 1047 1025 1115; x_wconf 82' lang='lat' dir='ltr'>At</span> <span class='ocrx_word' id='word_1_77' title='bbox 1050 1045 1167 1115; x_wconf 79' lang='lat' dir='ltr'>Phala</span> <span class='ocrx_word' id='word_1_78' title='bbox 1182 1066 1209 1107; x_wconf 79' lang='lat' dir='ltr'>ro</span> 
     </span>
     <span class='ocr_line' id='line_1_12' title="bbox 157 1135 1168 1223; baseline -0.002 -21"><span class='ocrx_word' id='word_1_79' title='bbox 157 1137 217 1221; x_wconf 86' lang='lat' dir='ltr'>ris,</span> <span class='ocrx_word' id='word_1_80' title='bbox 243 1139 279 1202; x_wconf 92' lang='lat' dir='ltr'>at</span> <span class='ocrx_word' id='word_1_81' title='bbox 305 1135 527 1223; x_wconf 80' lang='lat' dir='ltr'>Apollodorus</span> <span class='ocrx_word' id='word_1_82' title='bbox 555 1157 676 1222; x_wconf 87' lang='lat' dir='ltr'>poenas</span> <span class='ocrx_word' id='word_1_83' title='bbox 703 1136 847 1202; x_wconf 78' lang='lat' dir='ltr'>sustulit.</span> <span class='ocrx_word' id='word_1_84' title='bbox 895 1135 1010 1203; x_wconf 83' lang='lat' dir='ltr'>Multis</span> <span class='ocrx_word' id='word_1_85' title='bbox 1037 1136 1168 1221; x_wconf 87' lang='lat' dir='ltr'>quidem</span> 
     </span>
     <span class='ocr_line' id='line_1_13' title="bbox 157 1223 1168 1310; baseline -0.002 -18"><span class='ocrx_word' id='word_1_86' title='bbox 157 1229 233 1292; x_wconf 83' lang='lat' dir='ltr'>ante</span> <span class='ocrx_word' id='word_1_87' title='bbox 260 1225 412 1292; x_wconf 79' lang='lat' dir='ltr'>omoiatis</span> <span class='ocrx_word' id='word_1_88' title='bbox 437 1228 474 1292; x_wconf 89' lang='lat' dir='ltr'>et</span> <span class='ocrx_word' id='word_1_89' title='bbox 498 1223 632 1291; x_wconf 80' lang='lat' dir='ltr'>neoatis</span> <span class='ocrx_word' id='word_1_90' title='bbox 675 1223 721 1291; x_wconf 84' lang='lat' dir='ltr'>Et</span> <span class='ocrx_word' id='word_1_91' title='bbox 747 1224 926 1310; x_wconf 74' lang='lat' dir='ltr'>praedones</span> <span class='ocrx_word' id='word_1_92' title='bbox 949 1225 1046 1291; x_wconf 90' lang='lat' dir='ltr'>multi</span> <span class='ocrx_word' id='word_1_93' title='bbox 1070 1246 1168 1309; x_wconf 83' lang='lat' dir='ltr'>saepe</span> 
     </span>
     <span class='ocr_line' id='line_1_14' title="bbox 156 1313 1168 1400; baseline -0.001 -21"><span class='ocrx_word' id='word_1_94' title='bbox 156 1313 403 1400; x_wconf 79' lang='lat' dir='ltr'>poenas,dsnt,</span> <span class='ocrx_word' id='word_1_95' title='bbox 434 1334 494 1380; x_wconf 88' lang='lat' dir='ltr'>nee</span> <span class='ocrx_word' id='word_1_96' title='bbox 524 1316 636 1381; x_wconf 88' lang='lat' dir='ltr'>tamen</span> <span class='ocrx_word' id='word_1_97' title='bbox 666 1334 842 1399; x_wconf 86' lang='lat' dir='ltr'>possumus</span> <span class='ocrx_word' id='word_1_98' title='bbox 873 1313 979 1379; x_wconf 76' lang='lat' dir='ltr'>dicere</span> <span class='ocrx_word' id='word_1_99' title='bbox 1004 1334 1071 1380; x_wconf 89' lang='lat' dir='ltr'>non</span> <span class='ocrx_word' id='word_1_100' title='bbox 1097 1313 1168 1399; x_wconf 92' lang='lat' dir='ltr'>plu·</span> 
     </span>
     <span class='ocr_line' id='line_1_15' title="bbox 157 1401 1167 1489; baseline -0.002 -21"><span class='ocrx_word' id='word_1_101' title='bbox 157 1402 202 1468; x_wconf 90' lang='lat' dir='ltr'>ris</span> <span class='ocrx_word' id='word_1_102' title='bbox 234 1403 382 1489; x_wconf 76' lang='lat' dir='ltr'>captivos</span> <span class='ocrx_word' id='word_1_103' title='bbox 411 1401 525 1468; x_wconf 80' lang='lat' dir='ltr'>acerbe</span> <span class='ocrx_word' id='word_1_104' title='bbox 555 1423 653 1486; x_wconf 90' lang='lat' dir='ltr'>quam</span> <span class='ocrx_word' id='word_1_105' title='bbox 684 1401 863 1488; x_wconf 84' lang='lat' dir='ltr'>praedones</span> <span class='ocrx_word' id='word_1_106' title='bbox 895 1406 1036 1467; x_wconf 85' lang='lat' dir='ltr'>necatos.</span> <span class='ocrx_word' id='word_1_107' title='bbox 1081 1401 1167 1466; x_wconf 85' lang='lat' dir='ltr'>Ana·</span> 
     </span>
     <span class='ocr_line' id='line_1_16' title="bbox 156 1486 1208 1575; baseline -0.003 -18"><span class='ocrx_word' id='word_1_108' title='bbox 156 1490 312 1557; x_wconf 74' lang='lat' dir='ltr'>sarchum</span> <span class='ocrx_word' id='word_1_109' title='bbox 334 1489 578 1556; x_wconf 83' lang='lat' dir='ltr'>Democriteum</span> <span class='ocrx_word' id='word_1_110' title='bbox 605 1512 626 1555; x_wconf 89' lang='lat' dir='ltr'>a</span> <span class='ocrx_word' id='word_1_111' title='bbox 648 1486 768 1575; x_wconf 79' lang='lat' dir='ltr'>Cyprio</span> <span class='ocrx_word' id='word_1_112' title='bbox 796 1493 936 1574; x_wconf 82' lang='lat' dir='ltr'>tyranno</span> <span class='ocrx_word' id='word_1_113' title='bbox 964 1490 1167 1556; x_wconf 82' lang='lat' dir='ltr'>excarnifiea·</span> <span class='ocrx_word' id='word_1_114' title='bbox 1182 1506 1208 1548; x_wconf 65' lang='grc' dir='ltr'>ιε</span> 
     </span>
     <span class='ocr_line' id='line_1_17' title="bbox 119 1577 1168 1666; baseline -0.002 -21"><span class='ocrx_word' id='word_1_115' title='bbox 119 1595 124 1605; x_wconf 86' lang='grc'><em>·</em></span> <span class='ocrx_word' id='word_1_116' title='bbox 156 1579 441 1666; x_wconf 77' lang='lat' dir='ltr'>tum&#39;aooepimus,</span> <span class='ocrx_word' id='word_1_117' title='bbox 464 1578 626 1644; x_wconf 88' lang='lat' dir='ltr'>Zenonem</span> <span class='ocrx_word' id='word_1_118' title='bbox 638 1577 739 1644; x_wconf 82' lang='lat' dir='ltr'>Eleae</span> <span class='ocrx_word' id='word_1_119' title='bbox 761 1579 796 1644; x_wconf 94' lang='lat' dir='ltr'>in</span> <span class='ocrx_word' id='word_1_120' title='bbox 817 1579 991 1644; x_wconf 88' lang='lat' dir='ltr'>tormentis</span> <span class='ocrx_word' id='word_1_121' title='bbox 1009 1583 1168 1644; x_wconf 82' lang='lat' dir='ltr'>necatum</span> 
     </span>
     <span class='ocr_line' id='line_1_18' title="bbox 132 1665 1167 1751; baseline 0.004 -21"><span class='ocrx_word' id='word_1_122' title='bbox 132 1724 135 1730; x_wconf 90' lang='lat'><em>.</em></span> <span class='ocrx_word' id='word_1_123' title='bbox 158 1667 242 1746; x_wconf 83' lang='lat' dir='ltr'>Quid</span> <span class='ocrx_word' id='word_1_124' title='bbox 264 1669 369 1735; x_wconf 84' lang='lat' dir='ltr'>dieam</span> <span class='ocrx_word' id='word_1_125' title='bbox 392 1668 432 1735; x_wconf 89' lang='lat' dir='ltr'>de</span> <span class='ocrx_word' id='word_1_126' title='bbox 454 1665 596 1751; x_wconf 77' lang='lat' dir='ltr'>Socrate,</span> <span class='ocrx_word' id='word_1_127' title='bbox 619 1668 709 1733; x_wconf 81' lang='lat' dir='ltr'>ouius</span> <span class='ocrx_word' id='word_1_128' title='bbox 731 1667 832 1733; x_wconf 89' lang='lat' dir='ltr'>morti</span> <span class='ocrx_word' id='word_1_129' title='bbox 853 1667 1054 1733; x_wconf 75' lang='lat' dir='ltr'>inlacrimari</span> <span class='ocrx_word' id='word_1_130' title='bbox 1078 1668 1167 1734; x_wconf 84' lang='lat' dir='ltr'>soleo</span> 
     </span>
     <span class='ocr_line' id='line_1_19' title="bbox 157 1754 1168 1860; baseline 0 -38"><span class='ocrx_word' id='word_1_131' title='bbox 157 1757 330 1860; x_wconf 78' lang='lat' dir='ltr'>Platqnem</span> <span class='ocrx_word' id='word_1_132' title='bbox 370 1756 506 1844; x_wconf 80' lang='lat' dir='ltr'>legens?</span> <span class='ocrx_word' id='word_1_133' title='bbox 555 1754 698 1858; x_wconf 75' lang='lat' dir='ltr'>Videsne</span> <span class='ocrx_word' id='word_1_134' title='bbox 732 1755 835 1857; x_wconf 76' lang='lat' dir='ltr'>igitur</span> <span class='ocrx_word' id='word_1_135' title='bbox 871 1756 1004 1822; x_wconf 89' lang='lat' dir='ltr'>deorum</span> <span class='ocrx_word' id='word_1_136' title='bbox 1039 1755 1168 1840; x_wconf 76' lang='lat' dir='ltr'>iudicio,</span> 
     </span>
     <span class='ocr_line' id='line_1_20' title="bbox 104 1844 1207 2024; baseline -0.007 -24"><span class='ocrx_word' id='word_1_137' title='bbox 104 1846 335 2024; x_wconf 59' lang='lat' dir='ltr'>abdit*</span> <span class='ocrx_word' id='word_1_138' title='bbox 354 1844 653 2019; x_wconf 53' lang='lat' dir='ltr'>,salutata</span> <span class='ocrx_word' id='word_1_139' title='bbox 666 1844 946 2000; x_wconf 47' lang='lat' dir='ltr'>tribalia</span> <span class='ocrx_word' id='word_1_140' title='bbox 974 1844 1167 2018; x_wconf 49' lang='lat' dir='ltr'>ildini?</span> <span class='ocrx_word' id='word_1_141' title='bbox 1180 1949 1207 1991; x_wconf 57' lang='grc' dir='ltr'>,ο</span> 
     </span>
     <span class='ocr_line' id='line_1_21' title="bbox 158 2020 1168 2108; baseline -0.003 -18"><span class='ocrx_word' id='word_1_142' title='bbox 158 2021 214 2107; x_wconf 93' lang='lat' dir='ltr'>qui</span> <span class='ocrx_word' id='word_1_143' title='bbox 245 2022 448 2107; x_wconf 84' lang='lat' dir='ltr'>temporibus</span> <span class='ocrx_word' id='word_1_144' title='bbox 479 2021 546 2087; x_wconf 86' lang='lat' dir='ltr'>illis</span> <span class='ocrx_word' id='word_1_145' title='bbox 573 2020 694 2108; x_wconf 88' lang='lat' dir='ltr'>praedo</span> <span class='ocrx_word' id='word_1_146' title='bbox 720 2021 801 2087; x_wconf 85' lang='lat' dir='ltr'>felix</span> <span class='ocrx_word' id='word_1_147' title='bbox 827 2020 1024 2105; x_wconf 87' lang='lat' dir='ltr'>habebatur,</span> <span class='ocrx_word' id='word_1_148' title='bbox 1053 2026 1168 2088; x_wconf 85' lang='lat' dir='ltr'>eontra</span> 
     </span>
     <span class='ocr_line' id='line_1_22' title="bbox 158 2108 1166 2195; baseline -0.003 -17"><span class='ocrx_word' id='word_1_149' title='bbox 158 2112 235 2178; x_wconf 84' lang='lat' dir='ltr'>deos</span> <span class='ocrx_word' id='word_1_150' title='bbox 266 2110 492 2177; x_wconf 86' lang='lat' dir='ltr'>testimonium</span> <span class='ocrx_word' id='word_1_151' title='bbox 523 2108 646 2195; x_wconf 86' lang='lat' dir='ltr'>diaere,</span> <span class='ocrx_word' id='word_1_152' title='bbox 678 2109 764 2195; x_wconf 89' lang='lat' dir='ltr'>quod</span> <span class='ocrx_word' id='word_1_153' title='bbox 790 2110 824 2176; x_wconf 90' lang='lat' dir='ltr'>in</span> <span class='ocrx_word' id='word_1_154' title='bbox 851 2110 911 2175; x_wconf 90' lang='lat' dir='ltr'>illa</span> <span class='ocrx_word' id='word_1_155' title='bbox 937 2108 1070 2175; x_wconf 71' lang='lat' dir='ltr'>fertum</span> <span class='ocrx_word' id='word_1_156' title='bbox 1097 2114 1166 2175; x_wconf 83' lang='lat' dir='ltr'>tani</span> 
     </span>
     <span class='ocr_line' id='line_1_23' title="bbox 157 2196 1167 2283; baseline -0.003 -17"><span class='ocrx_word' id='word_1_157' title='bbox 157 2200 213 2266; x_wconf 92' lang='lat' dir='ltr'>diu</span> <span class='ocrx_word' id='word_1_158' title='bbox 234 2198 367 2266; x_wconf 77' lang='lat' dir='ltr'>viveret</span> <span class='ocrx_word' id='word_1_159' title='bbox 403 2197 589 2283; x_wconf 87' lang='lat' dir='ltr'>Dionysius,</span> <span class='ocrx_word' id='word_1_160' title='bbox 611 2196 651 2264; x_wconf 93' lang='lat' dir='ltr'>de</span> <span class='ocrx_word' id='word_1_161' title='bbox 673 2219 737 2282; x_wconf 89' lang='lat' dir='ltr'>quo</span> <span class='ocrx_word' id='word_1_162' title='bbox 759 2202 837 2264; x_wconf 88' lang='lat' dir='ltr'>ante</span> <span class='ocrx_word' id='word_1_163' title='bbox 860 2197 936 2282; x_wconf 84' lang='lat' dir='ltr'>dixi,</span> <span class='ocrx_word' id='word_1_164' title='bbox 959 2220 1033 2264; x_wconf 89' lang='lat' dir='ltr'>cum</span> <span class='ocrx_word' id='word_1_165' title='bbox 1054 2197 1167 2264; x_wconf 86' lang='lat' dir='ltr'>fanum</span> 
     </span>
     <span class='ocr_line' id='line_1_24' title="bbox 157 2283 1167 2374; baseline -0.002 -20"><span class='ocrx_word' id='word_1_166' title='bbox 157 2287 372 2374; x_wconf 88' lang='lat' dir='ltr'>Proserpinae</span> <span class='ocrx_word' id='word_1_167' title='bbox 394 2285 507 2354; x_wconf 87' lang='lat' dir='ltr'>Looris</span> <span class='ocrx_word' id='word_1_168' title='bbox 530 2286 751 2372; x_wconf 80' lang='lat' dir='ltr'>expilavisset,</span> <span class='ocrx_word' id='word_1_169' title='bbox 774 2287 955 2373; x_wconf 76' lang='lat' dir='ltr'>navigabat</span> <span class='ocrx_word' id='word_1_170' title='bbox 977 2283 1167 2372; x_wconf 76' lang='lat' dir='ltr'>Syracusas3</span> 
     </span>
     <span class='ocr_line' id='line_1_25' title="bbox 156 2374 1206 2461; baseline -0.002 -19"><span class='ocrx_word' id='word_1_171' title='bbox 156 2376 249 2461; x_wconf 85' lang='lat' dir='ltr'>isque</span> <span class='ocrx_word' id='word_1_172' title='bbox 272 2398 345 2442; x_wconf 89' lang='lat' dir='ltr'>aum</span> <span class='ocrx_word' id='word_1_173' title='bbox 367 2374 609 2442; x_wconf 73' lang='lat' dir='ltr'>secundissumo</span> <span class='ocrx_word' id='word_1_174' title='bbox 632 2379 729 2442; x_wconf 81' lang='lat' dir='ltr'>vento</span> <span class='ocrx_word' id='word_1_175' title='bbox 753 2396 883 2441; x_wconf 84' lang='lat' dir='ltr'>cursum</span> <span class='ocrx_word' id='word_1_176' title='bbox 900 2379 1036 2460; x_wconf 87' lang='lat' dir='ltr'>teneret,</span> <span class='ocrx_word' id='word_1_177' title='bbox 1057 2375 1166 2441; x_wconf 89' lang='lat' dir='ltr'>ridens</span> <span class='ocrx_word' id='word_1_178' title='bbox 1180 2389 1206 2432; x_wconf 73' lang='lat'>2⁵</span> 
     </span>
     <span class='ocr_line' id='line_1_26' title="bbox 158 2462 1167 2550; baseline -0.001 -20"><span class='ocrx_word' id='word_1_179' title='bbox 158 2462 403 2550; x_wconf 80' lang='lat' dir='ltr'>‘Videtisne&#39;,</span> <span class='ocrx_word' id='word_1_180' title='bbox 425 2463 542 2550; x_wconf 69' lang='lat' dir='ltr'>inquit,</span> <span class='ocrx_word' id='word_1_181' title='bbox 564 2462 706 2546; x_wconf 76' lang='lat' dir='ltr'>‘amiei,</span> <span class='ocrx_word' id='word_1_182' title='bbox 730 2485 842 2548; x_wconf 91' lang='lat' dir='ltr'>quam</span> <span class='ocrx_word' id='word_1_183' title='bbox 864 2464 965 2529; x_wconf 87' lang='lat' dir='ltr'>bona</span> <span class='ocrx_word' id='word_1_184' title='bbox 988 2486 1009 2531; x_wconf 89' lang='lat' dir='ltr'>a</span> <span class='ocrx_word' id='word_1_185' title='bbox 1030 2463 1089 2530; x_wconf 89' lang='lat' dir='ltr'>dis</span> <span class='ocrx_word' id='word_1_186' title='bbox 1111 2463 1167 2529; x_wconf 92' lang='lat' dir='ltr'>in·</span> 
     </span>
     <span class='ocr_line' id='line_1_27' title="bbox 157 2551 1168 2639; baseline -0.002 -18"><span class='ocrx_word' id='word_1_187' title='bbox 157 2553 393 2621; x_wconf 86' lang='lat' dir='ltr'>mortalibus</span> <span class='ocrx_word' id='word_1_188' title='bbox 414 2552 618 2639; x_wconf 79' lang='lat' dir='ltr'>navigatio</span> <span class='ocrx_word' id='word_1_189' title='bbox 641 2552 850 2638; x_wconf 85' lang='lat' dir='ltr'>sacrilegis</span> <span class='ocrx_word' id='word_1_190' title='bbox 873 2551 1025 2618; x_wconf 78' lang='lat' dir='ltr'>deturl’</span> <span class='ocrx_word' id='word_1_191' title='bbox 1066 2551 1168 2638; x_wconf 88' lang='lat' dir='ltr'>quue</span> 
     </span>
     <span class='ocr_line' id='line_1_28' title="bbox 157 2640 1168 2727; baseline -0.003 -17"><span class='ocrx_word' id='word_1_192' title='bbox 157 2643 255 2711; x_wconf 87' lang='lat' dir='ltr'>bomo</span> <span class='ocrx_word' id='word_1_193' title='bbox 274 2646 388 2710; x_wconf 85' lang='lat' dir='ltr'>aautus</span> <span class='ocrx_word' id='word_1_194' title='bbox 407 2664 481 2709; x_wconf 85' lang='lat' dir='ltr'>oum</span> <span class='ocrx_word' id='word_1_195' title='bbox 499 2640 581 2707; x_wconf 88' lang='lat' dir='ltr'>bene</span> <span class='ocrx_word' id='word_1_196' title='bbox 598 2642 759 2727; x_wconf 88' lang='lat' dir='ltr'>planeque</span> <span class='ocrx_word' id='word_1_197' title='bbox 776 2641 984 2726; x_wconf 85' lang='lat' dir='ltr'>pereepisset,</span> <span class='ocrx_word' id='word_1_198' title='bbox 1002 2641 1038 2707; x_wconf 87' lang='lat' dir='ltr'>in</span> <span class='ocrx_word' id='word_1_199' title='bbox 1055 2642 1168 2708; x_wconf 86' lang='lat' dir='ltr'>eadem</span> 
     </span>
     <span class='ocr_line' id='line_1_29' title="bbox 156 2726 1167 2817; baseline -0.001 -20"><span class='ocrx_word' id='word_1_200' title='bbox 156 2731 319 2799; x_wconf 86' lang='lat' dir='ltr'>sententia</span> <span class='ocrx_word' id='word_1_201' title='bbox 350 2730 588 2817; x_wconf 79' lang='lat' dir='ltr'>perseverabat</span> <span class='ocrx_word' id='word_1_202' title='bbox 637 2726 700 2804; x_wconf 81' lang='lat' dir='ltr'>Qui</span> <span class='ocrx_word' id='word_1_203' title='bbox 730 2750 805 2795; x_wconf 86' lang='lat' dir='ltr'>eum</span> <span class='ocrx_word' id='word_1_204' title='bbox 836 2729 878 2795; x_wconf 84' lang='lat' dir='ltr'>sd</span> <span class='ocrx_word' id='word_1_205' title='bbox 906 2727 1167 2816; x_wconf 86' lang='lat' dir='ltr'>Peloponnesum</span> 
     </span>
     <span class='ocr_line' id='line_1_30' title="bbox 157 2815 1206 2906; baseline -0.005 -19"><span class='ocrx_word' id='word_1_206' title='bbox 157 2821 296 2889; x_wconf 73' lang='lat' dir='ltr'>obssem</span> <span class='ocrx_word' id='word_1_207' title='bbox 319 2819 500 2906; x_wconf 87' lang='lat' dir='ltr'>appulisset</span> <span class='ocrx_word' id='word_1_208' title='bbox 517 2821 551 2883; x_wconf 93' lang='lat' dir='ltr'>et</span> <span class='ocrx_word' id='word_1_209' title='bbox 568 2817 604 2882; x_wconf 86' lang='lat' dir='ltr'>in</span> <span class='ocrx_word' id='word_1_210' title='bbox 621 2815 733 2884; x_wconf 84' lang='lat' dir='ltr'>farrum</span> <span class='ocrx_word' id='word_1_211' title='bbox 751 2817 894 2883; x_wconf 70' lang='lat' dir='ltr'>venisset</span> <span class='ocrx_word' id='word_1_212' title='bbox 911 2816 1000 2884; x_wconf 82' lang='lat' dir='ltr'>Iovis</span> <span class='ocrx_word' id='word_1_213' title='bbox 1014 2817 1166 2905; x_wconf 79' lang='lat' dir='ltr'>Olympii,</span> <span class='ocrx_word' id='word_1_214' title='bbox 1180 2834 1206 2874; x_wconf 78' lang='lat' dir='ltr'>u</span> 
     </span>
     <span class='ocr_line' id='line_1_31' title="bbox 157 2904 1166 2993; baseline -0.003 -19"><span class='ocrx_word' id='word_1_215' title='bbox 157 2931 291 2975; x_wconf 90' lang='lat' dir='ltr'>aureum</span> <span class='ocrx_word' id='word_1_216' title='bbox 323 2907 354 2974; x_wconf 92' lang='lat' dir='ltr'>ei</span> <span class='ocrx_word' id='word_1_217' title='bbox 385 2906 527 2973; x_wconf 85' lang='lat' dir='ltr'>detraxit</span> <span class='ocrx_word' id='word_1_218' title='bbox 558 2904 733 2972; x_wconf 78' lang='lat' dir='ltr'>amiculum</span> <span class='ocrx_word' id='word_1_219' title='bbox 765 2906 882 2992; x_wconf 84' lang='lat' dir='ltr'>grandi</span> <span class='ocrx_word' id='word_1_220' title='bbox 912 2907 1067 2993; x_wconf 88' lang='lat' dir='ltr'>pondere,</span> <span class='ocrx_word' id='word_1_221' title='bbox 1102 2927 1166 2991; x_wconf 90' lang='lat' dir='ltr'>quo</span> 
     </span>
     <span class='ocr_line' id='line_1_32' title="bbox 156 2992 1167 3081; baseline -0.003 -18"><span class='ocrx_word' id='word_1_222' title='bbox 156 2996 268 3063; x_wconf 84' lang='lat' dir='ltr'>Iovem</span> <span class='ocrx_word' id='word_1_223' title='bbox 291 2999 425 3063; x_wconf 84' lang='lat' dir='ltr'>ornarat</span> <span class='ocrx_word' id='word_1_224' title='bbox 442 3017 466 3061; x_wconf 86' lang='lat' dir='ltr'>e</span> <span class='ocrx_word' id='word_1_225' title='bbox 483 2993 646 3061; x_wconf 87' lang='lat' dir='ltr'>manubiis</span> <span class='ocrx_word' id='word_1_226' title='bbox 664 2992 990 3081; x_wconf 77' lang='lat' dir='ltr'>Karthaginiensium</span> <span class='ocrx_word' id='word_1_227' title='bbox 1009 2999 1167 3080; x_wconf 84' lang='lat' dir='ltr'>tyrannus</span> 
     </span>
     <span class='ocr_line' id='line_1_33' title="bbox 157 3082 1167 3171; baseline -0.004 -19"><span class='ocrx_word' id='word_1_228' title='bbox 157 3085 254 3171; x_wconf 80' lang='lat' dir='ltr'>Gelo,</span> <span class='ocrx_word' id='word_1_229' title='bbox 283 3088 381 3170; x_wconf 84' lang='lat' dir='ltr'>atque</span> <span class='ocrx_word' id='word_1_230' title='bbox 407 3082 442 3149; x_wconf 88' lang='lat' dir='ltr'>in</span> <span class='ocrx_word' id='word_1_231' title='bbox 464 3103 503 3149; x_wconf 90' lang='lat' dir='ltr'>eo</span> <span class='ocrx_word' id='word_1_232' title='bbox 526 3082 627 3149; x_wconf 86' lang='lat' dir='ltr'>etiam</span> <span class='ocrx_word' id='word_1_233' title='bbox 648 3083 821 3149; x_wconf 74' lang='lat' dir='ltr'>cauillatus</span> <span class='ocrx_word' id='word_1_234' title='bbox 845 3087 897 3149; x_wconf 89' lang='lat' dir='ltr'>est</span> <span class='ocrx_word' id='word_1_235' title='bbox 918 3088 1044 3149; x_wconf 86' lang='lat' dir='ltr'>aestate</span> <span class='ocrx_word' id='word_1_236' title='bbox 1067 3103 1167 3170; x_wconf 76' lang='lat' dir='ltr'>grave</span> 
     </span>
     <span class='ocr_line' id='line_1_34' title="bbox 156 3170 1167 3258; baseline -0.003 -19"><span class='ocrx_word' id='word_1_237' title='bbox 156 3195 228 3239; x_wconf 90' lang='lat' dir='ltr'>esse</span> <span class='ocrx_word' id='word_1_238' title='bbox 250 3195 384 3240; x_wconf 88' lang='lat' dir='ltr'>aureum</span> <span class='ocrx_word' id='word_1_239' title='bbox 407 3170 592 3252; x_wconf 79' lang='lat' dir='ltr'>amiculum,</span> <span class='ocrx_word' id='word_1_240' title='bbox 614 3170 721 3236; x_wconf 88' lang='lat' dir='ltr'>hieme</span> <span class='ocrx_word' id='word_1_241' title='bbox 738 3170 903 3258; x_wconf 79' lang='lat' dir='ltr'>frigidum,</span> <span class='ocrx_word' id='word_1_242' title='bbox 925 3172 1019 3256; x_wconf 89' lang='lat' dir='ltr'>eique</span> <span class='ocrx_word' id='word_1_243' title='bbox 1037 3171 1167 3236; x_wconf 89' lang='lat' dir='ltr'>laneum</span> 
     </span>
     <span class='ocr_line' id='line_1_35' title="bbox 155 3259 1207 3348; baseline -0.003 -19"><span class='ocrx_word' id='word_1_244' title='bbox 155 3262 295 3348; x_wconf 84' lang='lat' dir='ltr'>pallium</span> <span class='ocrx_word' id='word_1_245' title='bbox 325 3260 450 3346; x_wconf 88' lang='lat' dir='ltr'>inieoit,</span> <span class='ocrx_word' id='word_1_246' title='bbox 480 3282 555 3327; x_wconf 86' lang='lat' dir='ltr'>eum</span> <span class='ocrx_word' id='word_1_247' title='bbox 586 3260 621 3325; x_wconf 92' lang='lat' dir='ltr'>id</span> <span class='ocrx_word' id='word_1_248' title='bbox 649 3280 722 3326; x_wconf 84' lang='lat' dir='ltr'>esse</span> <span class='ocrx_word' id='word_1_249' title='bbox 753 3264 868 3345; x_wconf 90' lang='lat' dir='ltr'>aptum</span> <span class='ocrx_word' id='word_1_250' title='bbox 900 3261 941 3326; x_wconf 86' lang='lat' dir='ltr'>ad</span> <span class='ocrx_word' id='word_1_251' title='bbox 968 3280 1064 3326; x_wconf 86' lang='lat' dir='ltr'>omne</span> <span class='ocrx_word' id='word_1_252' title='bbox 1091 3259 1168 3326; x_wconf 90' lang='lat' dir='ltr'>anni</span> <span class='ocrx_word' id='word_1_253' title='bbox 1181 3272 1207 3316; x_wconf 69' lang='lat'>³⁶</span> 
     </span>
     <span class='ocr_line' id='line_1_36' title="bbox 156 3346 1168 3437; baseline 0 -22"><span class='ocrx_word' id='word_1_254' title='bbox 156 3355 286 3437; x_wconf 82' lang='lat' dir='ltr'>tempus</span> <span class='ocrx_word' id='word_1_255' title='bbox 309 3348 439 3415; x_wconf 72' lang='lat' dir='ltr'>diruet</span> <span class='ocrx_word' id='word_1_256' title='bbox 473 3347 628 3434; x_wconf 86' lang='lat' dir='ltr'>Idemque</span> <span class='ocrx_word' id='word_1_257' title='bbox 649 3347 838 3434; x_wconf 79' lang='lat' dir='ltr'>Aesoulapii</span> <span class='ocrx_word' id='word_1_258' title='bbox 854 3346 1013 3434; x_wconf 82' lang='lat' dir='ltr'>Epidauri</span> <span class='ocrx_word' id='word_1_259' title='bbox 1030 3347 1168 3415; x_wconf 88' lang='lat' dir='ltr'>barbam</span> 
     </span>
     <span class='ocr_line' id='line_1_37' title="bbox 155 3435 1167 3521; baseline -0.001 -17"><span class='ocrx_word' id='word_1_260' title='bbox 155 3460 289 3505; x_wconf 86' lang='lat' dir='ltr'>auream</span> <span class='ocrx_word' id='word_1_261' title='bbox 317 3437 402 3503; x_wconf 86' lang='lat' dir='ltr'>demi</span> <span class='ocrx_word' id='word_1_262' title='bbox 428 3437 538 3521; x_wconf 81' lang='lat' dir='ltr'>iussit3</span> <span class='ocrx_word' id='word_1_263' title='bbox 563 3457 669 3521; x_wconf 90' lang='lat' dir='ltr'>neque</span> <span class='ocrx_word' id='word_1_264' title='bbox 692 3436 778 3501; x_wconf 88' lang='lat' dir='ltr'>enim</span> <span class='ocrx_word' id='word_1_265' title='bbox 800 3435 970 3502; x_wconf 70' lang='lat' dir='ltr'>convenire</span> <span class='ocrx_word' id='word_1_266' title='bbox 992 3437 1167 3503; x_wconf 85' lang='lat' dir='ltr'>barbatum</span> 
     </span>
    </p>
   </div>
   <div class='ocr_carea' id='block_1_3' title="bbox 0 0 1330 3908">
    <p class='ocr_par' dir='ltr' id='par_1_3' title="bbox 0 0 1330 3908">
     <span class='ocr_line' id='line_1_38' title="bbox 0 0 1330 3908; baseline 0 0"><span class='ocrx_word' id='word_1_267' title='bbox 0 0 1330 3908; x_wconf 95' lang='lat' dir='ltr'> </span> 
     </span>
    </p>
   </div>
  </div>
 </body>
</html>
