2654 3924
158 168 224 234 286
518 169 567 223 DE
586 169 634 222 llll
652 168 809 223 PUBLICA

158 313 296 378 Zethum
323 314 417 379 illum
439 313 572 380 Pacuvii
598 315 696 379 nimis
719 314 886 380 inimicum
909 314 1076 381 doetrinae
1099 338 1171 382 esse

158 403 299 486 dicebat3
322 403 428 488 magis
448 425 521 468 eum
541 403 724 469 delectabat
737 401 973 489 Neoptolemus
987 404 1094 489 Ennii,
1114 406 1171 489 qui

157 519 185 571 p.
205 493 270 572 181]
299 513 334 557 se
362 492 409 556 ait
437 491 730 577 ‘philosophari
754 491 758 574 l
784 492 900 576 velle,
930 493 995 557 sed
1022 495 1170 578 paucis3

158 603 243 645 nam
271 580 423 646 omnino
449 579 549 644 haud
571 579 753 665 placere'.
794 577 917 655 Quodsi
940 581 1049 645 studia
1072 581 1170 646 Grae

106 706 109 717 ι
158 691 269 734 corum
296 690 354 734 vos
382 671 476 733 tanto
504 690 601 753 opere
624 667 799 752 delectant,
827 673 904 733 sunt
927 669 992 734 alia
1015 670 1170 737 liberiora
1197 689 1214 732 s

158 761 191 821 et
213 756 380 821 transfusa
403 757 512 839 latius,
535 778 617 842 quae
640 757 693 822 rel
717 757 757 822 ad
778 778 873 822 usum
891 757 979 823 ritae
997 759 1050 823 vel
1069 759 1169 823 etiam

158 845 199 910 ad
215 846 323 930 ipsam
341 867 411 909 rem
429 845 595 931 publicam
613 845 759 911 conferre
777 867 959 930 possumus.
992 845 1080 911 Istae
1100 849 1169 931 qui-

158 934 230 998 dem
254 938 356 1017 artes,
379 933 527 998 simodo
551 933 674 1018 aliquid
697 934 820 1018 valent,
843 936 879 999 id
898 935 1009 1013 valent,
1032 939 1070 1000 ut
1092 959 1169 1021 pau-

138 1023 226 1087 lum
258 1025 377 1087 acuant
406 1026 439 1087 et
466 1025 635 1106 tamquam
662 1022 799 1087 inritent
825 1021 958 1107 ingenia
985 1046 1169 1109 puerorum,

106 1172 146 1295 {19
157 1110 914 1284 pillisilffllnlsudrosiiihdeidillrlldilrscdihesentio
942 1221 962 1265 a
989 1203 1036 1285 te,
1068 1199 1169 1284 Laeli,
1185 1131 1212 1172 10

158 1288 214 1352 sed
237 1309 367 1373 quaero,
390 1309 473 1373 quae
491 1291 528 1352 tu
547 1309 617 1353 esse
636 1288 760 1353 maiora
778 1287 962 1377 intellegas.
994 1290 1032 1354 L.
1052 1288 1167 1355 Dicam

157 1375 340 1441 mehercule
367 1379 400 1441 et
427 1379 617 1442 contemnar
645 1399 665 1441 a
691 1380 725 1441 te
751 1376 905 1461 fortasse,
939 1399 1011 1442 cum
1039 1380 1076 1443 tu
1103 1378 1169 1442 ista

156 1465 311 1530 caelestia
333 1465 372 1530 de
391 1462 540 1550 Scipione
560 1465 745 1550 quaesieris,
769 1486 830 1551 ego
850 1469 959 1530 autem
978 1466 1066 1550 haec,
1086 1489 1168 1551 quae

156 1553 307 1619 videntur
339 1557 414 1619 ante
447 1553 557 1620 oculos
586 1575 670 1639 esse,
702 1554 808 1640 magis
835 1557 947 1639 putem
976 1555 1167 1639 quaerenda.
1184 1574 1210 1612 1⁵

157 1639 240 1718 Quid
263 1642 349 1707 enim
373 1641 455 1706 mihi
476 1641 512 1708 L.
535 1641 630 1707 Pauli
652 1662 768 1727 nepos,
794 1642 857 1708 hoc
881 1643 1055 1726 avunculo,
1077 1644 1168 1709 nobi·

156 1731 283 1795 lissima
304 1731 340 1795 in
361 1729 489 1796 familia
511 1734 609 1815 atque
632 1730 667 1795 in
689 1730 751 1796 hac
774 1733 843 1795 tam
867 1731 956 1796 clara
978 1753 1013 1796 re
1036 1732 1168 1817 publica

156 1824 266 1903 natus,
298 1819 439 1903 quaerit,
472 1841 535 1904 quo
565 1818 661 1884 modo
692 1818 754 1885 duo
785 1820 871 1884 soles
898 1819 961 1886 visi
990 1820 1071 1905 sint,
1101 1842 1167 1886 non

157 1908 296 1992 quaerit,
328 1929 385 1973 eur
412 1907 449 1972 in
476 1929 542 1972 una
570 1929 605 1972 re
632 1907 764 1993 publiea
791 1907 854 1974 duo
883 1911 1015 1972 senatus
1043 1912 1076 1973 et
1104 1908 1167 1973 duo

155 2025 183 2076 p.
198 1998 264 2078 213]
287 2017 390 2081 paene
409 1995 476 2061 iam
494 1996 609 2081 populi
627 1995 715 2061 sint?
743 1994 839 2080 Nam,
862 2000 900 2061 ut
918 1994 1054 2084 vildetis,
1078 2019 1165 2062 mors
1181 2015 1207 2054 ιο

156 2084 279 2149 Tiberii
292 2082 431 2149 Gracchi
450 2088 483 2149 et
501 2084 567 2148 iam
587 2087 662 2149 ante
681 2087 753 2149 tota
771 2084 861 2149 illius
879 2084 965 2150 ratio
979 2085 1167 2151 tribunatus

156 2173 267 2238 divisit
296 2171 454 2258 populum
483 2194 584 2236 unum
610 2173 645 2237 in
672 2171 752 2236 duas
779 2173 898 2258 partis,
930 2173 1166 2239 obtrectatores

157 2265 266 2327 autem
290 2264 323 2325 et
344 2260 447 2325 invidi
469 2256 629 2346 Scipionis
652 2260 756 2325 initiis
778 2260 875 2326 factis
898 2259 971 2327 aP.
991 2259 1110 2329 Crasso
1134 2267 1167 2326 et

156 2349 264 2435 Appio
288 2347 423 2415 Claudio
451 2352 564 2414 tenent
590 2349 694 2414 nihilo
722 2348 830 2414 minus
856 2349 924 2414 illis
952 2351 1091 2415 mortuis
1120 2372 1166 2415 se-

155 2442 251 2503 natus
285 2438 423 2504 alteram
454 2442 583 2523 partem
615 2437 825 2503 dissidentem
858 2460 879 2504 a
908 2438 1001 2504 vobis
1033 2442 1205 2505 auctores

155 2527 289 2592 Metello
313 2529 346 2592 et
363 2525 399 2591 P.
412 2526 520 2592 Mucio
538 2548 643 2611 neque
660 2526 754 2611 huno,
778 2526 834 2611 qui
851 2548 935 2591 unus
952 2530 1071 2611 potest,
1094 2549 1167 2593 oon·

156 2616 265 2681 citatis
298 2614 395 2681 sociis
427 2618 461 2680 et
491 2617 622 2680 nomine
648 2614 782 2700 Latino,
812 2614 997 2681 foederibus
1024 2616 1166 2698 uiolatis,

155 2734 182 2786 p.
202 2707 267 2786 214]
296 2701 486 2790 triumvilris
513 2703 769 2770 seditiosissimis
798 2703 921 2788 aliquid
947 2703 1067 2770 cotidie
1090 2705 1166 2769 novi

155 2793 378 2875 molientibus,
401 2792 496 2858 bonis
518 2792 598 2858 viris
623 2791 867 2877 [locupletibus]
890 2792 1091 2877 perturbatis
1114 2793 1165 2857 his

105 2895 136 2942 32
156 2886 225 2946 tam
248 2881 439 2967 periculosis
462 2881 558 2946 rebus
582 2881 754 2946 subvenire
776 2880 954 2965 patiuntur.
995 2879 1100 2957 Quam
1123 2882 1165 2946 ob
1179 2900 1205 2940 3⁰

156 2992 238 3053 rem,
266 2970 369 3034 sime
393 2968 545 3055 audietis,
574 2969 809 3054 adulescentes,
835 2969 940 3035 solem
963 2970 1103 3034 alterum
1125 2992 1166 3034 ne

156 3057 352 3142 metueritis,
375 3062 432 3122 aut
455 3058 541 3122 enim
563 3056 673 3122 nullus
697 3078 768 3122 esse
790 3061 909 3142 potest,
932 3061 989 3123 aut
1012 3057 1057 3121 sit
1079 3079 1166 3141 sane,

156 3151 194 3211 ut
216 3147 305 3211 visus
329 3150 388 3231 est,
410 3146 507 3212 modo
529 3166 571 3211 ne
594 3146 638 3211 sit
660 3146 828 3229 molestus,
851 3149 909 3211 aut
927 3146 1009 3211 scire
1027 3146 1165 3210 istarum

155 3257 264 3299 rerum
286 3234 370 3299 nihil
393 3239 464 3317 aut,
487 3234 618 3299 etiamsi
640 3234 779 3299 maxime
803 3234 953 3318 sciemus,
975 3256 1035 3300 nec
1055 3234 1166 3299 melio·

156 3343 207 3387 res
238 3323 280 3388 ob
311 3343 382 3387 eam
410 3322 580 3405 scientiam
606 3343 666 3388 nec
692 3321 854 3387 beatiores
881 3343 952 3387 esse
979 3339 1203 3407 possumus3³s

156 3437 184 3488 p.
203 3411 268 3490 215]
293 3409 451 3495 senaltum
474 3431 550 3475 vero
574 3413 607 3474 et
629 3409 787 3495 populum
805 3414 842 3475 ut
860 3432 960 3474 unum
978 3411 1165 3495 habeamus

157 3499 190 3562 et
212 3496 283 3561 fieri
303 3500 427 3581 potest,
451 3500 485 3562 et
506 3498 740 3582 permolestum
764 3501 828 3582 est,
850 3497 915 3562 nisi
938 3498 989 3581 fit,
1017 3502 1050 3563 et
1071 3519 1165 3564 seous
