<?xml version="1.0" encoding="UTF-8"?>
<!DOCTYPE html PUBLIC "-//W3C//DTD XHTML 1.0 Transitional//EN"
    "http://www.w3.org/TR/xhtml1/DTD/xhtml1-transitional.dtd">
<html xmlns="http://www.w3.org/1999/xhtml" xml:lang="en" lang="en">
 <head>
  <title>
</title>
<meta http-equiv="Content-Type" content="text/html;charset=utf-8" />
  <meta name='ocr-system' content='tesseract 3.04.00' />
  <meta name='ocr-capabilities' content='ocr_page ocr_carea ocr_par ocr_line ocrx_word'/>
</head>
<body>
  <div class='ocr_page' id='page_1' title='image "./mtulliiciceroni00salegoog_0309.png"; bbox 0 0 2654 3924; ppageno 0'>
   <div class='ocr_carea' id='block_1_1' title="bbox 176 203 762 269">
    <p class='ocr_par' dir='ltr' id='par_1_1' title="bbox 176 203 762 269">
     <span class='ocr_line' id='line_1_1' title="bbox 176 203 762 269; baseline 0 -10"><span class='ocrx_word' id='word_1_1' title='bbox 176 205 240 269; x_wconf 82' lang='lat'><strong>256</strong></span> <span class='ocrx_word' id='word_1_2' title='bbox 600 204 650 259; x_wconf 80' lang='lat' dir='ltr'><strong>DF</strong></span> <span class='ocrx_word' id='word_1_3' title='bbox 668 203 762 259; x_wconf 80' lang='lat' dir='ltr'><strong>FATO</strong></span> 
     </span>
    </p>
   </div>
   <div class='ocr_carea' id='block_1_2' title="bbox 106 349 1326 3669">
    <p class='ocr_par' dir='ltr' id='par_1_2' title="bbox 175 349 1186 522">
     <span class='ocr_line' id='line_1_2' title="bbox 175 349 1185 435; baseline 0 -20"><span class='ocrx_word' id='word_1_4' title='bbox 175 355 239 433; x_wconf 90' lang='lat' dir='ltr'><strong>ret,</strong></span> <span class='ocrx_word' id='word_1_5' title='bbox 267 350 453 415; x_wconf 89' lang='lat' dir='ltr'><strong>obstructas</strong></span> <span class='ocrx_word' id='word_1_6' title='bbox 481 371 534 414; x_wconf 88' lang='lat' dir='ltr'><strong>eas</strong></span> <span class='ocrx_word' id='word_1_7' title='bbox 561 352 673 435; x_wconf 89' lang='lat' dir='ltr'><strong>partes</strong></span> <span class='ocrx_word' id='word_1_8' title='bbox 699 352 733 413; x_wconf 89' lang='lat' dir='ltr'><strong>ct</strong></span> <span class='ocrx_word' id='word_1_9' title='bbox 756 349 926 414; x_wconf 86' lang='lat' dir='ltr'><strong>obturatas</strong></span> <span class='ocrx_word' id='word_1_10' title='bbox 951 371 1021 414; x_wconf 90' lang='lat' dir='ltr'><strong>esse</strong></span> <span class='ocrx_word' id='word_1_11' title='bbox 1044 349 1185 434; x_wconf 81' lang='lat' dir='ltr'><strong>dicebat3</strong></span> 
     </span>
     <span class='ocr_line' id='line_1_3' title="bbox 175 437 1186 522; baseline -0.001 -18"><span class='ocrx_word' id='word_1_12' title='bbox 175 438 300 504; x_wconf 76' lang='lat' dir='ltr'><strong>addidit</strong></span> <span class='ocrx_word' id='word_1_13' title='bbox 327 438 426 513; x_wconf 84' lang='lat' dir='ltr'><strong>etiam</strong></span> <span class='ocrx_word' id='word_1_14' title='bbox 453 437 678 520; x_wconf 83' lang='lat' dir='ltr'><strong>mulierosum3</strong></span> <span class='ocrx_word' id='word_1_15' title='bbox 704 437 739 502; x_wconf 91' lang='lat' dir='ltr'><strong>in</strong></span> <span class='ocrx_word' id='word_1_16' title='bbox 762 458 826 522; x_wconf 90' lang='lat' dir='ltr'><strong>quo</strong></span> <span class='ocrx_word' id='word_1_17' title='bbox 849 437 1036 502; x_wconf 81' lang='lat' dir='ltr'><strong>Alcibiades</strong></span> <span class='ocrx_word' id='word_1_18' title='bbox 1059 438 1186 504; x_wconf 86' lang='lat' dir='ltr'><strong>cachin-</strong></span> 
     </span>
    </p>

    <p class='ocr_par' dir='ltr' id='par_1_3' title="bbox 124 523 1317 1123">
     <span class='ocr_line' id='line_1_4' title="bbox 124 523 1317 592; baseline 0.003 -4"><span class='ocrx_word' id='word_1_19' title='bbox 124 540 153 589; x_wconf 82' lang='lat'><strong>11</strong></span> <span class='ocrx_word' id='word_1_20' title='bbox 175 549 253 592; x_wconf 90' lang='lat' dir='ltr'><strong>num</strong></span> <span class='ocrx_word' id='word_1_21' title='bbox 277 526 395 592; x_wconf 87' lang='lat' dir='ltr'><strong>dicitur</strong></span> <span class='ocrx_word' id='word_1_22' title='bbox 417 526 597 590; x_wconf 77' lang='lat' dir='ltr'><strong>sustulisse.</strong></span> <span class='ocrx_word' id='word_1_23' title='bbox 636 523 698 590; x_wconf 84' lang='lat' dir='ltr'><strong>Sed</strong></span> <span class='ocrx_word' id='word_1_24' title='bbox 720 525 801 592; x_wconf 89' lang='lat' dir='ltr'><strong>haec</strong></span> <span class='ocrx_word' id='word_1_25' title='bbox 824 547 864 590; x_wconf 85' lang='lat' dir='ltr'><strong>ex</strong></span> <span class='ocrx_word' id='word_1_26' title='bbox 885 526 1090 592; x_wconf 87' lang='lat' dir='ltr'><strong>naturalibus</strong></span> <span class='ocrx_word' id='word_1_27' title='bbox 1113 549 1185 592; x_wconf 90' lang='lat' dir='ltr'><strong>cau·</strong></span> <span class='ocrx_word' id='word_1_28' title='bbox 1315 556 1317 577; x_wconf 69' lang='grc' dir='ltr'>ι</span> 
     </span>
     <span class='ocr_line' id='line_1_5' title="bbox 175 613 1185 700; baseline -0.001 -19"><span class='ocrx_word' id='word_1_29' title='bbox 175 616 221 681; x_wconf 91' lang='lat' dir='ltr'><strong>sis</strong></span> <span class='ocrx_word' id='word_1_30' title='bbox 250 615 333 681; x_wconf 85' lang='lat' dir='ltr'><strong>vitia</strong></span> <span class='ocrx_word' id='word_1_31' title='bbox 360 614 451 680; x_wconf 89' lang='lat' dir='ltr'><strong>nasci</strong></span> <span class='ocrx_word' id='word_1_32' title='bbox 477 617 628 700; x_wconf 89' lang='lat' dir='ltr'><strong>possunt,</strong></span> <span class='ocrx_word' id='word_1_33' title='bbox 658 613 813 699; x_wconf 85' lang='lat' dir='ltr'><strong>extirpari</strong></span> <span class='ocrx_word' id='word_1_34' title='bbox 840 619 949 680; x_wconf 87' lang='lat' dir='ltr'><strong>autern</strong></span> <span class='ocrx_word' id='word_1_35' title='bbox 979 619 1013 679; x_wconf 90' lang='lat' dir='ltr'><strong>et</strong></span> <span class='ocrx_word' id='word_1_36' title='bbox 1039 615 1185 681; x_wconf 89' lang='lat' dir='ltr'><strong>funditus</strong></span> 
     </span>
     <span class='ocr_line' id='line_1_6' title="bbox 175 700 1317 789; baseline -0.001 -21"><span class='ocrx_word' id='word_1_37' title='bbox 175 703 258 788; x_wconf 87' lang='lat' dir='ltr'><strong>tolli,</strong></span> <span class='ocrx_word' id='word_1_38' title='bbox 280 707 318 768; x_wconf 90' lang='lat' dir='ltr'><strong>ut</strong></span> <span class='ocrx_word' id='word_1_39' title='bbox 339 703 369 768; x_wconf 89' lang='lat' dir='ltr'><strong>is</strong></span> <span class='ocrx_word' id='word_1_40' title='bbox 392 704 476 789; x_wconf 87' lang='lat' dir='ltr'><strong>ipsc,</strong></span> <span class='ocrx_word' id='word_1_41' title='bbox 499 701 555 787; x_wconf 91' lang='lat' dir='ltr'><strong>qui</strong></span> <span class='ocrx_word' id='word_1_42' title='bbox 578 702 618 767; x_wconf 91' lang='lat' dir='ltr'><strong>ad</strong></span> <span class='ocrx_word' id='word_1_43' title='bbox 642 724 680 768; x_wconf 88' lang='lat' dir='ltr'><strong>aa</strong></span> <span class='ocrx_word' id='word_1_44' title='bbox 702 724 881 788; x_wconf 89' lang='lat' dir='ltr'><strong>propensus</strong></span> <span class='ocrx_word' id='word_1_45' title='bbox 904 702 1017 785; x_wconf 84' lang='lat' dir='ltr'><strong>fuerit,</strong></span> <span class='ocrx_word' id='word_1_46' title='bbox 1040 726 1060 768; x_wconf 94' lang='lat' dir='ltr'><strong>a</strong></span> <span class='ocrx_word' id='word_1_47' title='bbox 1082 704 1185 769; x_wconf 85' lang='lat' dir='ltr'><strong>tantis</strong></span> <span class='ocrx_word' id='word_1_48' title='bbox 1212 727 1226 767; x_wconf 82' lang='lat' dir='ltr'><strong>s</strong></span> <span class='ocrx_word' id='word_1_49' title='bbox 1249 731 1252 736; x_wconf 94' lang='lat'>·</span> <span class='ocrx_word' id='word_1_50' title='bbox 1314 700 1317 787; x_wconf 74' lang='lat' dir='ltr'><strong>l</strong></span> 
     </span>
     <span class='ocr_line' id='line_1_7' title="bbox 175 790 1185 877; baseline 0 -20"><span class='ocrx_word' id='word_1_51' title='bbox 175 792 264 857; x_wconf 86' lang='lat' dir='ltr'><strong>vitiis</strong></span> <span class='ocrx_word' id='word_1_52' title='bbox 298 796 464 876; x_wconf 80' lang='lat' dir='ltr'><strong>avocetur,</strong></span> <span class='ocrx_word' id='word_1_53' title='bbox 495 812 562 856; x_wconf 87' lang='lat' dir='ltr'><strong>non</strong></span> <span class='ocrx_word' id='word_1_54' title='bbox 594 794 644 855; x_wconf 88' lang='lat' dir='ltr'><strong>est</strong></span> <span class='ocrx_word' id='word_1_55' title='bbox 674 790 708 856; x_wconf 91' lang='lat' dir='ltr'><strong>id</strong></span> <span class='ocrx_word' id='word_1_56' title='bbox 739 791 883 877; x_wconf 90' lang='lat' dir='ltr'><strong>positum</strong></span> <span class='ocrx_word' id='word_1_57' title='bbox 914 791 948 857; x_wconf 90' lang='lat' dir='ltr'><strong>in</strong></span> <span class='ocrx_word' id='word_1_58' title='bbox 980 792 1185 858; x_wconf 89' lang='lat' dir='ltr'><strong>naturalibus</strong></span> 
     </span>
     <span class='ocr_line' id='line_1_8' title="bbox 175 879 1186 965; baseline -0.001 -19"><span class='ocrx_word' id='word_1_59' title='bbox 175 881 296 965; x_wconf 88' lang='lat' dir='ltr'><strong>causis,</strong></span> <span class='ocrx_word' id='word_1_60' title='bbox 319 880 375 945; x_wconf 90' lang='lat' dir='ltr'><strong>sed</strong></span> <span class='ocrx_word' id='word_1_61' title='bbox 397 880 433 944; x_wconf 91' lang='lat' dir='ltr'><strong>in</strong></span> <span class='ocrx_word' id='word_1_62' title='bbox 455 879 633 963; x_wconf 88' lang='lat' dir='ltr'><strong>voluntate,</strong></span> <span class='ocrx_word' id='word_1_63' title='bbox 656 879 774 963; x_wconf 90' lang='lat' dir='ltr'><strong>studio,</strong></span> <span class='ocrx_word' id='word_1_64' title='bbox 797 879 977 964; x_wconf 87' lang='lat' dir='ltr'><strong>disciplina</strong></span> <span class='ocrx_word' id='word_1_65' title='bbox 1013 879 1101 956; x_wconf 79' lang='lat' dir='ltr'><strong>Quae</strong></span> <span class='ocrx_word' id='word_1_66' title='bbox 1124 880 1186 946; x_wconf 88' lang='lat' dir='ltr'><strong>tol·</strong></span> 
     </span>
     <span class='ocr_line' id='line_1_9' title="bbox 176 967 1185 1052; baseline 0.001 -18"><span class='ocrx_word' id='word_1_67' title='bbox 176 970 289 1034; x_wconf 89' lang='lat' dir='ltr'><strong>luntur</strong></span> <span class='ocrx_word' id='word_1_68' title='bbox 319 968 442 1052; x_wconf 92' lang='lat' dir='ltr'><strong>omnia,</strong></span> <span class='ocrx_word' id='word_1_69' title='bbox 474 968 503 1033; x_wconf 93' lang='lat' dir='ltr'><strong>si</strong></span> <span class='ocrx_word' id='word_1_70' title='bbox 533 968 583 1033; x_wconf 85' lang='lat' dir='ltr'><strong>vis</strong></span> <span class='ocrx_word' id='word_1_71' title='bbox 610 971 644 1033; x_wconf 90' lang='lat' dir='ltr'><strong>et</strong></span> <span class='ocrx_word' id='word_1_72' title='bbox 671 972 789 1033; x_wconf 87' lang='lat' dir='ltr'><strong>natura</strong></span> <span class='ocrx_word' id='word_1_73' title='bbox 817 967 880 1032; x_wconf 85' lang='lat' dir='ltr'><strong>fati</strong></span> <span class='ocrx_word' id='word_1_74' title='bbox 906 989 946 1034; x_wconf 78' lang='lat' dir='ltr'><strong>eu</strong></span> <span class='ocrx_word' id='word_1_75' title='bbox 975 968 1185 1035; x_wconf 80' lang='lat' dir='ltr'><strong>divinationis</strong></span> 
     </span>
     <span class='ocr_line' id='line_1_10' title="bbox 176 1055 518 1123; baseline -0.003 -1"><span class='ocrx_word' id='word_1_76' title='bbox 176 1058 303 1123; x_wconf 88' lang='lat' dir='ltr'><strong>ratione</strong></span> <span class='ocrx_word' id='word_1_77' title='bbox 326 1055 518 1122; x_wconf 89' lang='lat' dir='ltr'><strong>firmabitur.</strong></span> 
     </span>
    </p>

    <p class='ocr_par' dir='ltr' id='par_1_4' title="bbox 106 1142 1323 1497">
     <span class='ocr_line' id='line_1_11' title="bbox 106 1142 1227 1232; baseline -0.003 -20"><span class='ocrx_word' id='word_1_78' title='bbox 106 1144 109 1151; x_wconf 81' lang='grc'><strong><em>’</em></strong></span> <span class='ocrx_word' id='word_1_79' title='bbox 137 1146 157 1212; x_wconf 85' lang='grc'><strong>6</strong></span> <span class='ocrx_word' id='word_1_80' title='bbox 241 1145 374 1211; x_wconf 80' lang='lat' dir='ltr'><strong>Etenim</strong></span> <span class='ocrx_word' id='word_1_81' title='bbox 401 1144 428 1209; x_wconf 91' lang='lat' dir='ltr'><strong>si</strong></span> <span class='ocrx_word' id='word_1_82' title='bbox 457 1148 507 1209; x_wconf 89' lang='lat' dir='ltr'><strong>est</strong></span> <span class='ocrx_word' id='word_1_83' title='bbox 530 1142 702 1229; x_wconf 91' lang='lat' dir='ltr'><strong>divinatio,</strong></span> <span class='ocrx_word' id='word_1_84' title='bbox 729 1143 958 1229; x_wconf 89' lang='lat' dir='ltr'><strong>qualibusnam</strong></span> <span class='ocrx_word' id='word_1_85' title='bbox 981 1168 1002 1211; x_wconf 91' lang='lat' dir='ltr'><strong>a</strong></span> <span class='ocrx_word' id='word_1_86' title='bbox 1023 1148 1185 1232; x_wconf 86' lang='lat' dir='ltr'><strong>perceptis</strong></span> <span class='ocrx_word' id='word_1_87' title='bbox 1200 1169 1227 1209; x_wconf 84' lang='lat' dir='ltr'><strong>ro</strong></span> 
     </span>
     <span class='ocr_line' id='line_1_12' title="bbox 177 1230 1323 1319; baseline 0.002 -22"><span class='ocrx_word' id='word_1_88' title='bbox 177 1235 257 1298; x_wconf 86' lang='lat' dir='ltr'><strong>artis</strong></span> <span class='ocrx_word' id='word_1_89' title='bbox 280 1233 517 1318; x_wconf 85' lang='lat' dir='ltr'><strong>proficiscitur?</strong></span> <span class='ocrx_word' id='word_1_90' title='bbox 543 1230 741 1319; x_wconf 88' lang='lat' dir='ltr'><strong>(percepta</strong></span> <span class='ocrx_word' id='word_1_91' title='bbox 764 1234 908 1319; x_wconf 87' lang='lat' dir='ltr'><strong>appello,</strong></span> <span class='ocrx_word' id='word_1_92' title='bbox 932 1256 1014 1318; x_wconf 85' lang='lat' dir='ltr'><strong>quae</strong></span> <span class='ocrx_word' id='word_1_93' title='bbox 1036 1235 1186 1300; x_wconf 87' lang='lat' dir='ltr'><strong>dicuntur</strong></span> <span class='ocrx_word' id='word_1_94' title='bbox 1225 1273 1228 1277; x_wconf 58' lang='lat'>&gt;</span> <span class='ocrx_word' id='word_1_95' title='bbox 1320 1268 1323 1299; x_wconf 76' lang='grc' dir='ltr'>ι</span> 
     </span>
     <span class='ocr_line' id='line_1_13' title="bbox 177 1316 1323 1410; baseline 0.004 -24"><span class='ocrx_word' id='word_1_96' title='bbox 177 1321 300 1387; x_wconf 79' lang='lat' dir='ltr'><strong>Graece</strong></span> <span class='ocrx_word' id='word_1_97' title='bbox 327 1318 552 1407; x_wconf 76' lang='grc' dir='ltr'><strong>θεωρήματα).</strong></span> <span class='ocrx_word' id='word_1_98' title='bbox 592 1319 668 1386; x_wconf 89' lang='lat' dir='ltr'><strong>Non</strong></span> <span class='ocrx_word' id='word_1_99' title='bbox 691 1320 778 1386; x_wconf 89' lang='lat' dir='ltr'><strong>enim</strong></span> <span class='ocrx_word' id='word_1_100' title='bbox 801 1322 895 1387; x_wconf 89' lang='lat' dir='ltr'><strong>credo</strong></span> <span class='ocrx_word' id='word_1_101' title='bbox 918 1323 1010 1388; x_wconf 88' lang='lat' dir='ltr'><strong>nullo</strong></span> <span class='ocrx_word' id='word_1_102' title='bbox 1032 1328 1186 1410; x_wconf 89' lang='lat' dir='ltr'><strong>percepto</strong></span> <span class='ocrx_word' id='word_1_103' title='bbox 1320 1316 1323 1391; x_wconf 83' lang='lat' dir='ltr'><strong>l</strong></span> 
     </span>
     <span class='ocr_line' id='line_1_14' title="bbox 176 1402 1323 1497; baseline 0.003 -21"><span class='ocrx_word' id='word_1_104' title='bbox 176 1414 234 1476; x_wconf 87' lang='lat' dir='ltr'><strong>aut</strong></span> <span class='ocrx_word' id='word_1_105' title='bbox 261 1414 385 1476; x_wconf 88' lang='lat' dir='ltr'><strong>ceteros</strong></span> <span class='ocrx_word' id='word_1_106' title='bbox 414 1410 554 1475; x_wconf 88' lang='lat' dir='ltr'><strong>artifices</strong></span> <span class='ocrx_word' id='word_1_107' title='bbox 581 1409 705 1474; x_wconf 89' lang='lat' dir='ltr'><strong>versari</strong></span> <span class='ocrx_word' id='word_1_108' title='bbox 727 1410 762 1474; x_wconf 93' lang='lat' dir='ltr'><strong>in</strong></span> <span class='ocrx_word' id='word_1_109' title='bbox 785 1432 845 1476; x_wconf 91' lang='lat' dir='ltr'><strong>suo</strong></span> <span class='ocrx_word' id='word_1_110' title='bbox 868 1433 1014 1495; x_wconf 92' lang='lat' dir='ltr'><strong>munere,</strong></span> <span class='ocrx_word' id='word_1_111' title='bbox 1042 1416 1099 1477; x_wconf 90' lang='lat' dir='ltr'><strong>aut</strong></span> <span class='ocrx_word' id='word_1_112' title='bbox 1121 1434 1187 1497; x_wconf 91' lang='lat' dir='ltr'><strong>ecs,</strong></span> <span class='ocrx_word' id='word_1_113' title='bbox 1320 1402 1323 1487; x_wconf 82' lang='lat' dir='ltr'><strong>l</strong></span> 
     </span>
    </p>

    <p class='ocr_par' dir='ltr' id='par_1_5' title="bbox 125 1497 1324 2027">
     <span class='ocr_line' id='line_1_15' title="bbox 125 1497 1324 1587; baseline 0.004 -26"><span class='ocrx_word' id='word_1_114' title='bbox 125 1511 158 1561; x_wconf 68' lang='lat'><strong>12</strong></span> <span class='ocrx_word' id='word_1_115' title='bbox 178 1499 234 1584; x_wconf 91' lang='lat' dir='ltr'><strong>qui</strong></span> <span class='ocrx_word' id='word_1_116' title='bbox 256 1499 454 1565; x_wconf 88' lang='lat' dir='ltr'><strong>divinatione</strong></span> <span class='ocrx_word' id='word_1_117' title='bbox 473 1501 617 1582; x_wconf 88' lang='lat' dir='ltr'><strong>utantur,</strong></span> <span class='ocrx_word' id='word_1_118' title='bbox 638 1498 750 1563; x_wconf 86' lang='lat' dir='ltr'><strong>futura</strong></span> <span class='ocrx_word' id='word_1_119' title='bbox 767 1499 961 1585; x_wconf 84' lang='lat' dir='ltr'><strong>praedicere.</strong></span> <span class='ocrx_word' id='word_1_120' title='bbox 994 1497 1067 1565; x_wconf 84' lang='lat' dir='ltr'><strong>Sint</strong></span> <span class='ocrx_word' id='word_1_121' title='bbox 1084 1500 1187 1587; x_wconf 89' lang='lat' dir='ltr'><strong>igitur</strong></span> <span class='ocrx_word' id='word_1_122' title='bbox 1321 1516 1324 1565; x_wconf 80' lang='lat' dir='ltr'><strong>l</strong></span> 
     </span>
     <span class='ocr_line' id='line_1_16' title="bbox 177 1584 1226 1674; baseline -0.002 -21"><span class='ocrx_word' id='word_1_123' title='bbox 177 1589 419 1674; x_wconf 83' lang='lat' dir='ltr'><strong>astrologorum</strong></span> <span class='ocrx_word' id='word_1_124' title='bbox 455 1591 609 1672; x_wconf 89' lang='lat' dir='ltr'><strong>percepta</strong></span> <span class='ocrx_word' id='word_1_125' title='bbox 641 1586 737 1651; x_wconf 91' lang='lat' dir='ltr'><strong>huius</strong></span> <span class='ocrx_word' id='word_1_126' title='bbox 770 1587 870 1653; x_wconf 90' lang='lat' dir='ltr'><strong>modi:</strong></span> <span class='ocrx_word' id='word_1_127' title='bbox 908 1584 959 1652; x_wconf 79' lang='lat' dir='ltr'><strong>‘Si</strong></span> <span class='ocrx_word' id='word_1_128' title='bbox 990 1589 1062 1674; x_wconf 89' lang='lat' dir='ltr'><strong>quis</strong></span> <span class='ocrx_word' id='word_1_129' title='bbox 1094 1589 1186 1655; x_wconf 90' lang='lat' dir='ltr'><strong>verbi</strong></span> <span class='ocrx_word' id='word_1_130' title='bbox 1201 1611 1226 1652; x_wconf 80' lang='lat' dir='ltr'><strong>rs</strong></span> 
     </span>
     <span class='ocr_line' id='line_1_17' title="bbox 176 1673 1187 1760; baseline 0.002 -18"><span class='ocrx_word' id='word_1_131' title='bbox 176 1699 274 1742; x_wconf 87' lang='lat' dir='ltr'><strong>causa</strong></span> <span class='ocrx_word' id='word_1_132' title='bbox 297 1677 420 1743; x_wconf 90' lang='lat' dir='ltr'><strong>oriente</strong></span> <span class='ocrx_word' id='word_1_133' title='bbox 444 1673 599 1741; x_wconf 82' lang='lat' dir='ltr'><strong>Canicula</strong></span> <span class='ocrx_word' id='word_1_134' title='bbox 619 1679 717 1740; x_wconf 88' lang='lat' dir='ltr'><strong>natus</strong></span> <span class='ocrx_word' id='word_1_135' title='bbox 740 1678 800 1760; x_wconf 88' lang='lat' dir='ltr'><strong>est,</strong></span> <span class='ocrx_word' id='word_1_136' title='bbox 822 1675 851 1741; x_wconf 88' lang='lat' dir='ltr'><strong>is</strong></span> <span class='ocrx_word' id='word_1_137' title='bbox 873 1676 909 1741; x_wconf 88' lang='lat' dir='ltr'><strong>in</strong></span> <span class='ocrx_word' id='word_1_138' title='bbox 930 1677 1014 1741; x_wconf 89' lang='lat' dir='ltr'><strong>mari</strong></span> <span class='ocrx_word' id='word_1_139' title='bbox 1035 1699 1102 1744; x_wconf 90' lang='lat' dir='ltr'><strong>non</strong></span> <span class='ocrx_word' id='word_1_140' title='bbox 1119 1700 1187 1744; x_wconf 91' lang='lat' dir='ltr'><strong>mo·</strong></span> 
     </span>
     <span class='ocr_line' id='line_1_18' title="bbox 176 1763 1187 1851; baseline 0.003 -21"><span class='ocrx_word' id='word_1_141' title='bbox 176 1765 299 1831; x_wconf 68' lang='lat' dir='ltr'><strong>rietur?</strong></span> <span class='ocrx_word' id='word_1_142' title='bbox 339 1764 465 1851; x_wconf 87' lang='lat' dir='ltr'><strong>Vigila,</strong></span> <span class='ocrx_word' id='word_1_143' title='bbox 493 1763 687 1849; x_wconf 87' lang='lat' dir='ltr'><strong>Chrysippe,</strong></span> <span class='ocrx_word' id='word_1_144' title='bbox 714 1785 756 1829; x_wconf 90' lang='lat' dir='ltr'><strong>ne</strong></span> <span class='ocrx_word' id='word_1_145' title='bbox 778 1768 870 1829; x_wconf 89' lang='lat' dir='ltr'><strong>tuam</strong></span> <span class='ocrx_word' id='word_1_146' title='bbox 893 1787 1039 1851; x_wconf 87' lang='lat' dir='ltr'><strong>causam,</strong></span> <span class='ocrx_word' id='word_1_147' title='bbox 1065 1766 1187 1851; x_wconf 88' lang='lat' dir='ltr'><strong>inqua</strong></span> 
     </span>
     <span class='ocr_line' id='line_1_19' title="bbox 177 1852 1185 1939; baseline 0.003 -21"><span class='ocrx_word' id='word_1_148' title='bbox 177 1854 239 1919; x_wconf 91' lang='lat' dir='ltr'><strong>tibi</strong></span> <span class='ocrx_word' id='word_1_149' title='bbox 262 1877 335 1920; x_wconf 91' lang='lat' dir='ltr'><strong>curn</strong></span> <span class='ocrx_word' id='word_1_150' title='bbox 358 1853 516 1937; x_wconf 90' lang='lat' dir='ltr'><strong>Diodoro,</strong></span> <span class='ocrx_word' id='word_1_151' title='bbox 545 1853 674 1917; x_wconf 89' lang='lat' dir='ltr'><strong>valente</strong></span> <span class='ocrx_word' id='word_1_152' title='bbox 697 1852 880 1938; x_wconf 87' lang='lat' dir='ltr'><strong>dialectico,</strong></span> <span class='ocrx_word' id='word_1_153' title='bbox 907 1875 1027 1939; x_wconf 90' lang='lat' dir='ltr'><strong>magna</strong></span> <span class='ocrx_word' id='word_1_154' title='bbox 1049 1855 1185 1921; x_wconf 87' lang='lat' dir='ltr'><strong>luctatio</strong></span> 
     </span>
     <span class='ocr_line' id='line_1_20' title="bbox 177 1939 1185 2027; baseline 0.001 -19"><span class='ocrx_word' id='word_1_155' title='bbox 177 1948 237 2027; x_wconf 91' lang='lat' dir='ltr'><strong>est,</strong></span> <span class='ocrx_word' id='word_1_156' title='bbox 255 1943 393 2007; x_wconf 89' lang='lat' dir='ltr'><strong>deseras.</strong></span> <span class='ocrx_word' id='word_1_157' title='bbox 430 1939 465 2006; x_wconf 85' lang='lat' dir='ltr'><strong>Si</strong></span> <span class='ocrx_word' id='word_1_158' title='bbox 488 1940 574 2006; x_wconf 89' lang='lat' dir='ltr'><strong>enim</strong></span> <span class='ocrx_word' id='word_1_159' title='bbox 597 1944 647 2005; x_wconf 90' lang='lat' dir='ltr'><strong>cst</strong></span> <span class='ocrx_word' id='word_1_160' title='bbox 669 1963 791 2026; x_wconf 87' lang='lat' dir='ltr'><strong>verum,</strong></span> <span class='ocrx_word' id='word_1_161' title='bbox 815 1941 900 2026; x_wconf 91' lang='lat' dir='ltr'><strong>quod</strong></span> <span class='ocrx_word' id='word_1_162' title='bbox 923 1942 972 2007; x_wconf 87' lang='lat' dir='ltr'><strong>ita</strong></span> <span class='ocrx_word' id='word_1_163' title='bbox 993 1944 1185 2009; x_wconf 87' lang='lat' dir='ltr'><strong>conectitur:</strong></span> 
     </span>
    </p>

    <p class='ocr_par' dir='ltr' id='par_1_6' title="bbox 178 2028 1227 2116">
     <span class='ocr_line' id='line_1_21' title="bbox 178 2028 1227 2116; baseline -0.002 -20"><span class='ocrx_word' id='word_1_164' title='bbox 178 2030 229 2096; x_wconf 83' lang='lat' dir='ltr'><strong>‘Si</strong></span> <span class='ocrx_word' id='word_1_165' title='bbox 252 2031 324 2116; x_wconf 91' lang='lat' dir='ltr'><strong>quis</strong></span> <span class='ocrx_word' id='word_1_166' title='bbox 348 2030 471 2095; x_wconf 87' lang='lat' dir='ltr'><strong>oriente</strong></span> <span class='ocrx_word' id='word_1_167' title='bbox 491 2028 646 2094; x_wconf 90' lang='lat' dir='ltr'><strong>Canicula</strong></span> <span class='ocrx_word' id='word_1_168' title='bbox 667 2034 764 2094; x_wconf 88' lang='lat' dir='ltr'><strong>natus</strong></span> <span class='ocrx_word' id='word_1_169' title='bbox 787 2034 847 2113; x_wconf 91' lang='lat' dir='ltr'><strong>est,</strong></span> <span class='ocrx_word' id='word_1_170' title='bbox 869 2031 904 2094; x_wconf 89' lang='lat' dir='ltr'><strong>in</strong></span> <span class='ocrx_word' id='word_1_171' title='bbox 927 2031 1010 2095; x_wconf 89' lang='lat' dir='ltr'><strong>mari</strong></span> <span class='ocrx_word' id='word_1_172' title='bbox 1032 2053 1099 2097; x_wconf 91' lang='lat' dir='ltr'><strong>non</strong></span> <span class='ocrx_word' id='word_1_173' title='bbox 1119 2054 1186 2098; x_wconf 81' lang='lat' dir='ltr'><strong>mo</strong></span> <span class='ocrx_word' id='word_1_174' title='bbox 1199 2053 1227 2094; x_wconf 78' lang='lat' dir='ltr'><strong>sc</strong></span> 
     </span>
    </p>

    <p class='ocr_par' dir='ltr' id='par_1_7' title="bbox 178 2116 1187 2203">
     <span class='ocr_line' id='line_1_22' title="bbox 178 2116 1187 2203; baseline 0.001 -18"><span class='ocrx_word' id='word_1_175' title='bbox 178 2119 302 2203; x_wconf 87' lang='lat' dir='ltr'><strong>rietur&#39;,</strong></span> <span class='ocrx_word' id='word_1_176' title='bbox 333 2118 416 2184; x_wconf 91' lang='lat' dir='ltr'><strong>illud</strong></span> <span class='ocrx_word' id='word_1_177' title='bbox 444 2139 571 2202; x_wconf 89' lang='lat' dir='ltr'><strong>quoque</strong></span> <span class='ocrx_word' id='word_1_178' title='bbox 599 2139 711 2182; x_wconf 90' lang='lat' dir='ltr'><strong>verum</strong></span> <span class='ocrx_word' id='word_1_179' title='bbox 740 2121 803 2183; x_wconf 89' lang='lat' dir='ltr'><strong>est:</strong></span> <span class='ocrx_word' id='word_1_180' title='bbox 837 2116 887 2183; x_wconf 80' lang='lat' dir='ltr'><strong>‘Si</strong></span> <span class='ocrx_word' id='word_1_181' title='bbox 914 2117 1034 2185; x_wconf 85' lang='lat' dir='ltr'><strong>Fabius</strong></span> <span class='ocrx_word' id='word_1_182' title='bbox 1062 2120 1187 2186; x_wconf 87' lang='lat' dir='ltr'><strong>oriente</strong></span> 
     </span>
    </p>

    <p class='ocr_par' dir='ltr' id='par_1_8' title="bbox 178 2204 1186 2289">
     <span class='ocr_line' id='line_1_23' title="bbox 178 2204 1186 2289; baseline -0.001 -15"><span class='ocrx_word' id='word_1_183' title='bbox 178 2207 333 2274; x_wconf 80' lang='lat' dir='ltr'><strong>Canicula</strong></span> <span class='ocrx_word' id='word_1_184' title='bbox 363 2210 461 2271; x_wconf 88' lang='lat' dir='ltr'><strong>natus</strong></span> <span class='ocrx_word' id='word_1_185' title='bbox 493 2208 557 2289; x_wconf 88' lang='lat' dir='ltr'><strong>est,</strong></span> <span class='ocrx_word' id='word_1_186' title='bbox 587 2204 708 2271; x_wconf 84' lang='lat' dir='ltr'><strong>Fabius</strong></span> <span class='ocrx_word' id='word_1_187' title='bbox 740 2206 775 2270; x_wconf 93' lang='lat' dir='ltr'><strong>in</strong></span> <span class='ocrx_word' id='word_1_188' title='bbox 805 2206 889 2271; x_wconf 89' lang='lat' dir='ltr'><strong>mari</strong></span> <span class='ocrx_word' id='word_1_189' title='bbox 915 2228 982 2273; x_wconf 92' lang='lat' dir='ltr'><strong>non</strong></span> <span class='ocrx_word' id='word_1_190' title='bbox 1009 2208 1186 2274; x_wconf 70' lang='lat' dir='ltr'><strong>morietur?</strong></span> 
     </span>
    </p>

    <p class='ocr_par' dir='ltr' id='par_1_9' title="bbox 177 2293 1187 2383">
     <span class='ocr_line' id='line_1_24' title="bbox 177 2293 1187 2383; baseline 0.002 -22"><span class='ocrx_word' id='word_1_191' title='bbox 177 2295 331 2383; x_wconf 77' lang='lat' dir='ltr'><strong>Pugnant</strong></span> <span class='ocrx_word' id='word_1_192' title='bbox 348 2295 451 2381; x_wconf 89' lang='lat' dir='ltr'><strong>igitur</strong></span> <span class='ocrx_word' id='word_1_193' title='bbox 469 2295 548 2359; x_wconf 91' lang='lat' dir='ltr'><strong>haec</strong></span> <span class='ocrx_word' id='word_1_194' title='bbox 566 2294 652 2359; x_wconf 89' lang='lat' dir='ltr'><strong>inter</strong></span> <span class='ocrx_word' id='word_1_195' title='bbox 670 2316 713 2379; x_wconf 89' lang='lat' dir='ltr'><strong>se,</strong></span> <span class='ocrx_word' id='word_1_196' title='bbox 735 2293 874 2360; x_wconf 92' lang='lat' dir='ltr'><strong>Fabium</strong></span> <span class='ocrx_word' id='word_1_197' title='bbox 893 2294 1018 2360; x_wconf 87' lang='lat' dir='ltr'><strong>oriente</strong></span> <span class='ocrx_word' id='word_1_198' title='bbox 1033 2294 1187 2363; x_wconf 82' lang='lat' dir='ltr'><strong>Canicula</strong></span> 
     </span>
    </p>

    <p class='ocr_par' dir='ltr' id='par_1_10' title="bbox 177 2381 1186 2470">
     <span class='ocr_line' id='line_1_25' title="bbox 177 2381 1186 2470; baseline 0.002 -20"><span class='ocrx_word' id='word_1_199' title='bbox 177 2390 291 2450; x_wconf 89' lang='lat' dir='ltr'><strong>natum</strong></span> <span class='ocrx_word' id='word_1_200' title='bbox 315 2405 395 2468; x_wconf 89' lang='lat' dir='ltr'><strong>esse,</strong></span> <span class='ocrx_word' id='word_1_201' title='bbox 418 2386 450 2448; x_wconf 88' lang='lat' dir='ltr'><strong>et</strong></span> <span class='ocrx_word' id='word_1_202' title='bbox 472 2381 610 2448; x_wconf 90' lang='lat' dir='ltr'><strong>Fabium</strong></span> <span class='ocrx_word' id='word_1_203' title='bbox 632 2382 666 2447; x_wconf 94' lang='lat' dir='ltr'><strong>in</strong></span> <span class='ocrx_word' id='word_1_204' title='bbox 688 2383 772 2448; x_wconf 89' lang='lat' dir='ltr'><strong>mari</strong></span> <span class='ocrx_word' id='word_1_205' title='bbox 795 2383 1004 2468; x_wconf 83' lang='lat' dir='ltr'><strong>moriturum3</strong></span> <span class='ocrx_word' id='word_1_206' title='bbox 1031 2389 1064 2450; x_wconf 90' lang='lat' dir='ltr'><strong>et</strong></span> <span class='ocrx_word' id='word_1_207' title='bbox 1087 2407 1186 2470; x_wconf 91' lang='lat' dir='ltr'><strong>quon-</strong></span> 
     </span>
    </p>

    <p class='ocr_par' dir='ltr' id='par_1_11' title="bbox 178 2470 1227 2557">
     <span class='ocr_line' id='line_1_26' title="bbox 178 2470 1227 2557; baseline -0.006 -18"><span class='ocrx_word' id='word_1_208' title='bbox 178 2474 244 2539; x_wconf 92' lang='lat' dir='ltr'><strong>iam</strong></span> <span class='ocrx_word' id='word_1_209' title='bbox 271 2477 396 2539; x_wconf 87' lang='lat' dir='ltr'><strong>certum</strong></span> <span class='ocrx_word' id='word_1_210' title='bbox 420 2470 457 2536; x_wconf 91' lang='lat' dir='ltr'><strong>in</strong></span> <span class='ocrx_word' id='word_1_211' title='bbox 483 2470 585 2536; x_wconf 89' lang='lat' dir='ltr'><strong>Fabio</strong></span> <span class='ocrx_word' id='word_1_212' title='bbox 612 2470 759 2557; x_wconf 89' lang='lat' dir='ltr'><strong>ponitur,</strong></span> <span class='ocrx_word' id='word_1_213' title='bbox 785 2475 900 2537; x_wconf 90' lang='lat' dir='ltr'><strong>natum</strong></span> <span class='ocrx_word' id='word_1_214' title='bbox 929 2494 999 2537; x_wconf 89' lang='lat' dir='ltr'><strong>esse</strong></span> <span class='ocrx_word' id='word_1_215' title='bbox 1027 2496 1098 2539; x_wconf 91' lang='lat' dir='ltr'><strong>eum</strong></span> <span class='ocrx_word' id='word_1_216' title='bbox 1129 2473 1187 2539; x_wconf 76' lang='lat' dir='ltr'><strong>Ca</strong></span> <span class='ocrx_word' id='word_1_217' title='bbox 1201 2494 1227 2534; x_wconf 76' lang='lat' dir='ltr'><strong>ss</strong></span> 
     </span>
    </p>

    <p class='ocr_par' dir='ltr' id='par_1_12' title="bbox 177 2559 1187 2646">
     <span class='ocr_line' id='line_1_27' title="bbox 177 2559 1187 2646; baseline 0.001 -19"><span class='ocrx_word' id='word_1_218' title='bbox 177 2561 286 2628; x_wconf 88' lang='lat' dir='ltr'><strong>nicula</strong></span> <span class='ocrx_word' id='word_1_219' title='bbox 309 2561 442 2645; x_wconf 88' lang='lat' dir='ltr'><strong>oriente,</strong></span> <span class='ocrx_word' id='word_1_220' title='bbox 461 2559 541 2626; x_wconf 89' lang='lat' dir='ltr'><strong>haec</strong></span> <span class='ocrx_word' id='word_1_221' title='bbox 564 2581 692 2645; x_wconf 88' lang='lat' dir='ltr'><strong>quoque</strong></span> <span class='ocrx_word' id='word_1_222' title='bbox 714 2564 872 2646; x_wconf 80' lang='lat' dir='ltr'><strong>pugnant,</strong></span> <span class='ocrx_word' id='word_1_223' title='bbox 895 2564 929 2626; x_wconf 91' lang='lat' dir='ltr'><strong>et</strong></span> <span class='ocrx_word' id='word_1_224' title='bbox 948 2582 1022 2626; x_wconf 87' lang='lat' dir='ltr'><strong>esse</strong></span> <span class='ocrx_word' id='word_1_225' title='bbox 1040 2561 1187 2642; x_wconf 89' lang='lat' dir='ltr'><strong>Fabium,</strong></span> 
     </span>
    </p>

    <p class='ocr_par' dir='ltr' id='par_1_13' title="bbox 178 2648 1187 2735">
     <span class='ocr_line' id='line_1_28' title="bbox 178 2648 1187 2735; baseline 0.001 -20"><span class='ocrx_word' id='word_1_226' title='bbox 178 2656 212 2716; x_wconf 92' lang='lat' dir='ltr'><strong>et</strong></span> <span class='ocrx_word' id='word_1_227' title='bbox 238 2650 273 2715; x_wconf 89' lang='lat' dir='ltr'><strong>in</strong></span> <span class='ocrx_word' id='word_1_228' title='bbox 300 2648 383 2714; x_wconf 91' lang='lat' dir='ltr'><strong>mari</strong></span> <span class='ocrx_word' id='word_1_229' title='bbox 410 2670 480 2714; x_wconf 87' lang='lat' dir='ltr'><strong>esse</strong></span> <span class='ocrx_word' id='word_1_230' title='bbox 504 2650 706 2713; x_wconf 90' lang='lat' dir='ltr'><strong>moriturum.</strong></span> <span class='ocrx_word' id='word_1_231' title='bbox 746 2649 837 2735; x_wconf 83' lang='lat' dir='ltr'><strong>Ergo</strong></span> <span class='ocrx_word' id='word_1_232' title='bbox 861 2648 940 2716; x_wconf 88' lang='lat' dir='ltr'><strong>haec</strong></span> <span class='ocrx_word' id='word_1_233' title='bbox 963 2671 1091 2734; x_wconf 91' lang='lat' dir='ltr'><strong>quoquc</strong></span> <span class='ocrx_word' id='word_1_234' title='bbox 1114 2673 1187 2717; x_wconf 88' lang='lat' dir='ltr'><strong>con·</strong></span> 
     </span>
    </p>

    <p class='ocr_par' dir='ltr' id='par_1_14' title="bbox 178 2736 1188 2824">
     <span class='ocr_line' id='line_1_29' title="bbox 178 2736 1188 2824; baseline -0.001 -18"><span class='ocrx_word' id='word_1_235' title='bbox 178 2738 300 2806; x_wconf 87' lang='lat' dir='ltr'><strong>iunctio</strong></span> <span class='ocrx_word' id='word_1_236' title='bbox 328 2741 378 2803; x_wconf 88' lang='lat' dir='ltr'><strong>est</strong></span> <span class='ocrx_word' id='word_1_237' title='bbox 405 2759 444 2803; x_wconf 89' lang='lat' dir='ltr'><strong>ex</strong></span> <span class='ocrx_word' id='word_1_238' title='bbox 471 2736 742 2823; x_wconf 81' lang='lat' dir='ltr'><strong>repugnantibus:</strong></span> <span class='ocrx_word' id='word_1_239' title='bbox 775 2736 835 2803; x_wconf 78' lang='lat' dir='ltr'><strong>‘Et</strong></span> <span class='ocrx_word' id='word_1_240' title='bbox 862 2741 914 2803; x_wconf 87' lang='lat' dir='ltr'><strong>est</strong></span> <span class='ocrx_word' id='word_1_241' title='bbox 935 2736 1070 2824; x_wconf 87' lang='lat' dir='ltr'><strong>Fabius,</strong></span> <span class='ocrx_word' id='word_1_242' title='bbox 1098 2743 1131 2805; x_wconf 89' lang='lat' dir='ltr'><strong>et</strong></span> <span class='ocrx_word' id='word_1_243' title='bbox 1154 2739 1188 2805; x_wconf 91' lang='lat' dir='ltr'><strong>in</strong></span> 
     </span>
    </p>

    <p class='ocr_par' dir='ltr' id='par_1_15' title="bbox 178 2825 1187 2912">
     <span class='ocr_line' id='line_1_30' title="bbox 178 2825 1187 2912; baseline -0.002 -18"><span class='ocrx_word' id='word_1_244' title='bbox 178 2827 262 2894; x_wconf 89' lang='lat' dir='ltr'><strong>mari</strong></span> <span class='ocrx_word' id='word_1_245' title='bbox 283 2826 404 2892; x_wconf 88' lang='lat' dir='ltr'><strong>Fabius</strong></span> <span class='ocrx_word' id='word_1_246' title='bbox 431 2825 609 2909; x_wconf 88' lang='lat' dir='ltr'><strong>morietur&#39;,</strong></span> <span class='ocrx_word' id='word_1_247' title='bbox 636 2826 736 2910; x_wconf 92' lang='lat' dir='ltr'><strong>quod,</strong></span> <span class='ocrx_word' id='word_1_248' title='bbox 762 2828 800 2891; x_wconf 90' lang='lat' dir='ltr'><strong>ut</strong></span> <span class='ocrx_word' id='word_1_249' title='bbox 825 2826 1029 2912; x_wconf 88' lang='lat' dir='ltr'><strong>propositum</strong></span> <span class='ocrx_word' id='word_1_250' title='bbox 1055 2831 1119 2912; x_wconf 88' lang='lat' dir='ltr'><strong>est,</strong></span> <span class='ocrx_word' id='word_1_251' title='bbox 1145 2849 1187 2892; x_wconf 90' lang='lat' dir='ltr'><strong>ne</strong></span> 
     </span>
    </p>

    <p class='ocr_par' dir='ltr' id='par_1_16' title="bbox 178 2913 1326 3001">
     <span class='ocr_line' id='line_1_31' title="bbox 178 2913 1326 3001; baseline 0 -19"><span class='ocrx_word' id='word_1_252' title='bbox 178 2916 249 2982; x_wconf 87' lang='lat' dir='ltr'><strong>fieri</strong></span> <span class='ocrx_word' id='word_1_253' title='bbox 270 2915 399 3001; x_wconf 87' lang='lat' dir='ltr'><strong>quidem</strong></span> <span class='ocrx_word' id='word_1_254' title='bbox 416 2918 535 3000; x_wconf 84' lang='lat' dir='ltr'><strong>potest.</strong></span> <span class='ocrx_word' id='word_1_255' title='bbox 566 2913 657 3000; x_wconf 79' lang='lat' dir='ltr'><strong>Ergo</strong></span> <span class='ocrx_word' id='word_1_256' title='bbox 671 2913 767 2979; x_wconf 88' lang='lat' dir='ltr'><strong>illud:</strong></span> <span class='ocrx_word' id='word_1_257' title='bbox 791 2914 961 2980; x_wconf 80' lang='lat' dir='ltr'><strong>‘Morietur</strong></span> <span class='ocrx_word' id='word_1_258' title='bbox 977 2915 1012 2980; x_wconf 92' lang='lat' dir='ltr'><strong>in</strong></span> <span class='ocrx_word' id='word_1_259' title='bbox 1031 2916 1114 2981; x_wconf 90' lang='lat' dir='ltr'><strong>mari</strong></span> <span class='ocrx_word' id='word_1_260' title='bbox 1127 2914 1186 2982; x_wconf 84' lang='lat' dir='ltr'><strong>Fa-</strong></span> <span class='ocrx_word' id='word_1_261' title='bbox 1200 2933 1227 2974; x_wconf 78' lang='lat'><strong>⁸0</strong></span> <span class='ocrx_word' id='word_1_262' title='bbox 1325 2972 1326 2981; x_wconf 71' lang='grc'>,</span> 
     </span>
    </p>

    <p class='ocr_par' dir='ltr' id='par_1_17' title="bbox 141 3002 1326 3264">
     <span class='ocr_line' id='line_1_32' title="bbox 178 3002 1326 3089; baseline 0 -20"><span class='ocrx_word' id='word_1_263' title='bbox 178 3003 264 3070; x_wconf 88' lang='lat' dir='ltr'><strong>bius&#39;</strong></span> <span class='ocrx_word' id='word_1_264' title='bbox 287 3026 327 3069; x_wconf 85' lang='lat' dir='ltr'><strong>ex</strong></span> <span class='ocrx_word' id='word_1_265' title='bbox 349 3025 387 3070; x_wconf 89' lang='lat' dir='ltr'><strong>eo</strong></span> <span class='ocrx_word' id='word_1_266' title='bbox 411 3024 528 3089; x_wconf 82' lang='lat' dir='ltr'><strong>genere</strong></span> <span class='ocrx_word' id='word_1_267' title='bbox 551 3006 615 3087; x_wconf 90' lang='lat' dir='ltr'><strong>est,</strong></span> <span class='ocrx_word' id='word_1_268' title='bbox 639 3002 724 3086; x_wconf 92' lang='lat' dir='ltr'><strong>quod</strong></span> <span class='ocrx_word' id='word_1_269' title='bbox 746 3002 816 3068; x_wconf 90' lang='lat' dir='ltr'><strong>fieri</strong></span> <span class='ocrx_word' id='word_1_270' title='bbox 839 3025 906 3070; x_wconf 93' lang='lat' dir='ltr'><strong>non</strong></span> <span class='ocrx_word' id='word_1_271' title='bbox 927 3007 1047 3089; x_wconf 86' lang='lat' dir='ltr'><strong>potest.</strong></span> <span class='ocrx_word' id='word_1_272' title='bbox 1084 3003 1186 3070; x_wconf 89' lang='lat' dir='ltr'><strong>Omne</strong></span> <span class='ocrx_word' id='word_1_273' title='bbox 1324 3006 1326 3015; x_wconf 63' lang='lat'><strong><em>⁴</em></strong></span> 
     </span>
     <span class='ocr_line' id='line_1_33' title="bbox 141 3089 1188 3264; baseline 0 -18"><span class='ocrx_word' id='word_1_274' title='bbox 141 3115 268 3247; x_wconf 49' lang='lat' dir='ltr'><strong>titt</strong></span> <span class='ocrx_word' id='word_1_275' title='bbox 281 3089 869 3264; x_wconf 60' lang='lat' dir='ltr'><strong>rt⁰tl¹attt⁰ulntts</strong></span> <span class='ocrx_word' id='word_1_276' title='bbox 882 3090 1188 3247; x_wconf 68' lang='lat' dir='ltr'><strong>tttstut</strong></span> 
     </span>
    </p>

    <p class='ocr_par' dir='ltr' id='par_1_18' title="bbox 129 3203 1226 3669">
     <span class='ocr_line' id='line_1_34' title="bbox 129 3203 1188 3354; baseline 0.002 -21"><span class='ocrx_word' id='word_1_277' title='bbox 129 3219 161 3270; x_wconf 63' lang='lat'><strong>¹⁸</strong></span> <span class='ocrx_word' id='word_1_278' title='bbox 180 3269 219 3334; x_wconf 89' lang='lat' dir='ltr'><strong>de</strong></span> <span class='ocrx_word' id='word_1_279' title='bbox 242 3268 304 3335; x_wconf 89' lang='lat' dir='ltr'><strong>hoc</strong></span> <span class='ocrx_word' id='word_1_280' title='bbox 326 3268 399 3354; x_wconf 91' lang='lat' dir='ltr'><strong>ipso</strong></span> <span class='ocrx_word' id='word_1_281' title='bbox 415 3230 494 3334; x_wconf 56' lang='lat' dir='ltr'><strong>&#39;cum</strong></span> <span class='ocrx_word' id='word_1_282' title='bbox 516 3203 661 3334; x_wconf 73' lang='lat' dir='ltr'><strong>Diidor’o</strong></span> <span class='ocrx_word' id='word_1_283' title='bbox 684 3271 849 3333; x_wconf 88' lang='lat' dir='ltr'><strong>certamen</strong></span> <span class='ocrx_word' id='word_1_284' title='bbox 871 3230 930 3334; x_wconf 75' lang='lat' dir='ltr'><strong>ist.</strong></span> <span class='ocrx_word' id='word_1_285' title='bbox 965 3203 1188 3335; x_wconf 68' lang='lat' dir='ltr'><strong>meinimis</strong></span> 
     </span>
     <span class='ocr_line' id='line_1_35' title="bbox 180 3355 1226 3442; baseline 0.001 -20"><span class='ocrx_word' id='word_1_286' title='bbox 180 3356 288 3422; x_wconf 86' lang='lat' dir='ltr'><strong>solum</strong></span> <span class='ocrx_word' id='word_1_287' title='bbox 309 3355 380 3421; x_wconf 89' lang='lat' dir='ltr'><strong>fieri</strong></span> <span class='ocrx_word' id='word_1_288' title='bbox 402 3377 498 3442; x_wconf 85' lang='lat' dir='ltr'><strong>posse</strong></span> <span class='ocrx_word' id='word_1_289' title='bbox 521 3355 612 3440; x_wconf 90' lang='lat' dir='ltr'><strong>dicit,</strong></span> <span class='ocrx_word' id='word_1_290' title='bbox 636 3356 722 3441; x_wconf 91' lang='lat' dir='ltr'><strong>quod</strong></span> <span class='ocrx_word' id='word_1_291' title='bbox 744 3360 802 3422; x_wconf 89' lang='lat' dir='ltr'><strong>aut</strong></span> <span class='ocrx_word' id='word_1_292' title='bbox 825 3356 870 3421; x_wconf 90' lang='lat' dir='ltr'><strong>sit</strong></span> <span class='ocrx_word' id='word_1_293' title='bbox 891 3379 1005 3422; x_wconf 87' lang='lat' dir='ltr'><strong>verum</strong></span> <span class='ocrx_word' id='word_1_294' title='bbox 1023 3361 1080 3422; x_wconf 89' lang='lat' dir='ltr'><strong>aut</strong></span> <span class='ocrx_word' id='word_1_295' title='bbox 1102 3358 1187 3424; x_wconf 82' lang='lat' dir='ltr'><strong>futu·</strong></span> <span class='ocrx_word' id='word_1_296' title='bbox 1200 3373 1226 3416; x_wconf 63' lang='grc' dir='ltr'><strong>ω</strong></span> 
     </span>
     <span class='ocr_line' id='line_1_36' title="bbox 180 3443 1188 3530; baseline 0.001 -19"><span class='ocrx_word' id='word_1_297' title='bbox 180 3465 253 3511; x_wconf 91' lang='lat' dir='ltr'><strong>rum</strong></span> <span class='ocrx_word' id='word_1_298' title='bbox 276 3443 321 3509; x_wconf 86' lang='lat' dir='ltr'><strong>sit</strong></span> <span class='ocrx_word' id='word_1_299' title='bbox 342 3466 463 3528; x_wconf 88' lang='lat' dir='ltr'><strong>verum,</strong></span> <span class='ocrx_word' id='word_1_300' title='bbox 485 3447 529 3530; x_wconf 88' lang='lat' dir='ltr'><strong>ct,</strong></span> <span class='ocrx_word' id='word_1_301' title='bbox 552 3444 703 3529; x_wconf 89' lang='lat' dir='ltr'><strong>quicquid</strong></span> <span class='ocrx_word' id='word_1_302' title='bbox 725 3444 871 3510; x_wconf 89' lang='lat' dir='ltr'><strong>futurum</strong></span> <span class='ocrx_word' id='word_1_303' title='bbox 894 3446 947 3530; x_wconf 90' lang='lat' dir='ltr'><strong>sit,</strong></span> <span class='ocrx_word' id='word_1_304' title='bbox 969 3445 1002 3510; x_wconf 94' lang='lat' dir='ltr'><strong>id</strong></span> <span class='ocrx_word' id='word_1_305' title='bbox 1021 3445 1100 3512; x_wconf 87' lang='lat' dir='ltr'><strong>dicit</strong></span> <span class='ocrx_word' id='word_1_306' title='bbox 1117 3444 1188 3512; x_wconf 91' lang='lat' dir='ltr'><strong>fieri</strong></span> 
     </span>
     <span class='ocr_line' id='line_1_37' title="bbox 179 3532 1189 3669; baseline 0.001 -70"><span class='ocrx_word' id='word_1_307' title='bbox 179 3554 310 3599; x_wconf 90' lang='lat' dir='ltr'><strong>necesse</strong></span> <span class='ocrx_word' id='word_1_308' title='bbox 337 3552 407 3596; x_wconf 88' lang='lat' dir='ltr'><strong>esse</strong></span> <span class='ocrx_word' id='word_1_309' title='bbox 435 3536 483 3669; x_wconf 62' lang='lat' dir='ltr'><strong>et,</strong></span> <span class='ocrx_word' id='word_1_310' title='bbox 511 3532 662 3619; x_wconf 84' lang='lat' dir='ltr'><strong>quicquid</strong></span> <span class='ocrx_word' id='word_1_311' title='bbox 688 3554 754 3598; x_wconf 90' lang='lat' dir='ltr'><strong>non</strong></span> <span class='ocrx_word' id='word_1_312' title='bbox 777 3534 821 3598; x_wconf 91' lang='lat' dir='ltr'><strong>sit</strong></span> <span class='ocrx_word' id='word_1_313' title='bbox 843 3533 1003 3618; x_wconf 88' lang='lat' dir='ltr'><strong>futurum,</strong></span> <span class='ocrx_word' id='word_1_314' title='bbox 1032 3533 1066 3600; x_wconf 93' lang='lat' dir='ltr'><strong>id</strong></span> <span class='ocrx_word' id='word_1_315' title='bbox 1088 3538 1189 3620; x_wconf 90' lang='lat' dir='ltr'><strong>negat</strong></span> 
     </span>
    </p>
   </div>
   <div class='ocr_carea' id='block_1_3' title="bbox 0 0 1337 3924">
    <p class='ocr_par' dir='ltr' id='par_1_19' title="bbox 0 0 1337 3924">
     <span class='ocr_line' id='line_1_38' title="bbox 0 0 1337 3924; baseline 0 0"><span class='ocrx_word' id='word_1_316' title='bbox 0 0 1337 3924; x_wconf 95' lang='lat' dir='ltr'><strong> </strong></span> 
     </span>
    </p>
   </div>
  </div>
 </body>
</html>
