2652 3908
100 258 102 269 Ι
182 193 227 258 50
265 162 270 173 ⁴
501 189 551 245 oa
569 189 723 246 urruns
740 188 895 245 uaoauu

145 335 272 406 acultu
295 335 438 422 deorum,
460 336 565 402 multo
584 335 776 419 superiores.
812 334 867 400 An
885 335 960 401 Atti
972 334 1073 402 Narii
1090 335 1201 401 lituus

181 426 248 510 ille,
270 447 335 511 quo
358 425 399 490 ad
421 424 685 511 investigandum
708 445 799 489 suem
822 424 971 511 regiones
994 425 1108 491 vineae
1130 429 1201 490 ter·

182 514 333 597 minavit,
355 513 609 581 contemnendus
633 512 705 578 est?
750 510 938 598 Crederem,
959 513 1024 579 nisi
1047 513 1116 579 aius
1139 536 1201 579 au·

183 604 277 691 gurio
302 624 359 668 rex
381 601 546 668 Hostilius
569 601 712 666 maxima
734 601 823 667 bella
846 601 1009 688 gessisset.
1055 599 1119 668 Sed
1140 623 1200 666 ne
1312 656 1314 691 ,

182 692 350 780 glegentia
371 690 556 757 nobilitatis
580 690 709 777 augurii
732 689 904 775 disciplina
927 691 1048 756 omissa
1071 691 1199 757 veritas
1232 711 1248 754 s

182 780 401 867 auspiciorum
424 782 535 865 spreta
558 781 622 862 est,
649 778 772 863 speeies
795 782 925 844 tantum
947 782 1085 845 retenta
1129 778 1200 844 Ita-

182 891 244 956 que
267 868 429 935 maximae
451 867 499 934 rei
521 866 671 953 publicae
688 870 809 952 partes,
831 867 866 932 in
884 867 936 932 his
956 867 1052 953 bella,
1076 868 1199 952 quibus

182 958 401 1044 reipublicae
424 956 513 1021 salus
536 955 734 1040 continetur,
760 955 861 1021 nullis
885 956 1037 1041 auspiciis
1060 956 1200 1021 admini-
1314 982 1315 1019 r

72 1110 75 1121 ,
107 1054 132 1115 ἶ·
182 1050 338 1130 struatur,
360 1043 642 1133 nulla-peremnia
664 1048 844 1129 servantur,
866 1044 959 1109 nulla
982 1066 1021 1110 ex
1040 1045 1200 1111 acumini·
1314 1048 1315 1079 ³

181 1135 257 1220 bus,
286 1134 391 1219 nulla,
422 1154 492 1199 eam
519 1132 581 1198 viri
609 1135 778 1218 vocantur,
811 1154 850 1198 ex
878 1155 942 1218 quo
968 1132 1004 1198 in
1026 1133 1199 1219 procinctu
1217 1157 1250 1198 ro

182 1227 381 1289 testamenta
407 1221 582 1307 perierunt.
627 1219 710 1286 Tum
733 1221 820 1286 enim
842 1221 931 1287 bella
954 1243 1066 1308 gerere
1088 1223 1200 1288 nostri

132 1330 165 1381 ιο
183 1312 280 1378 duces
312 1311 485 1397 incipiunt,
517 1332 591 1376 cum
623 1309 768 1395 auspicia
799 1314 987 1395 posuerunt.
1040 1310 1088 1376 At
1117 1333 1200 1377 vero

183 1400 270 1487 apud
291 1400 431 1467 maiores
454 1402 549 1465 tanta
571 1398 740 1485 religionis
762 1398 813 1464 uis
835 1398 908 1483 fuit,
930 1403 969 1465 ut
987 1398 1119 1484 quidum
1137 1400 1200 1465 im·
1315 1404 1316 1459 ἱ

182 1494 350 1575 penatores
369 1489 469 1554 etiam
488 1509 523 1553 se
541 1488 630 1573 ipsos
650 1487 699 1552 dis
718 1487 948 1553 inmortalibus
964 1489 1072 1573 capite
1085 1488 1199 1555 velato

183 1579 291 1645 verbis
323 1578 421 1645 certis
453 1598 512 1662 pro
544 1598 579 1642 re
610 1575 742 1662 publica
768 1575 971 1642 devoverent.
1021 1576 1128 1643 Multa
1156 1600 1198 1643 ex
1215 1599 1245 1642 rs

183 1665 353 1752 Sibyllinis
382 1665 684 1749 vaticinationibus,
717 1664 823 1729 multa
850 1686 889 1730 ex
915 1664 1125 1750 haruspicum
1148 1688 1198 1732 re
1316 1710 1317 1751 3

184 1757 312 1842 sponsis
331 1775 585 1822 commemorare
602 1775 745 1838 possum,
764 1753 881 1838 quibus
900 1775 939 1819 ea
955 1754 1198 1838 confirmentur,

142 1854 166 1919 4
184 1867 267 1931 quae
295 1843 393 1909 dubia
414 1842 537 1908 nemini
560 1842 678 1907 debent
701 1863 780 1907 esse.
825 1841 929 1926 Atqui
951 1846 985 1907 et
1007 1846 1197 1909 nostrorum

184 1955 344 2020 augurum
376 1934 410 1997 et
440 1930 653 1997 Etruscorum
683 1930 892 2016 haruspicum
924 1930 1130 2017 disciplinam
1160 1932 1197 1998 P.
1317 1940 1318 2029 l

183 2020 333 2108 Scipione
351 2018 386 2086 O.
404 2017 522 2105 Figulo
546 2019 732 2085 consulibus
754 2040 807 2085 res
829 2019 903 2104 ipsa
922 2019 1089 2105 probavit3
1113 2043 1197 2106 quos
1213 2043 1244 2084 aa
1317 2060 1318 2067 κ

183 2133 257 2178 cum
280 2109 328 2174 Ti
352 2107 516 2174 Gracchus
544 2108 657 2173 consul
684 2107 804 2173 iterum
831 2111 969 2193 crearet,
996 2109 1121 2194 primus
1144 2131 1198 2176 ro-

227 2203 294 2283 tor,
323 2201 361 2263 ut
392 2218 448 2263 eos
476 2196 621 2281 rettulit,
652 2196 774 2261 ibidem
803 2200 854 2261 est
881 2200 1013 2283 repente
1037 2202 1196 2267 mortuus.

184 2220 350 2354 &iacchus
373 2307 447 2350 cum
465 2285 597 2350 comitia
614 2284 717 2350 nihilo
737 2284 844 2350 miuus
862 2286 1044 2372 peregisset
1061 2308 1197 2371 remque

183 2377 277 2442 illam
299 2374 550 2461 irreligionem
572 2373 693 2459 populo
716 2373 844 2439 venisse
867 2373 1016 2459 sentiret,
1039 2375 1081 2440 ad
1103 2396 1196 2441 sena·

183 2467 255 2531 tum
282 2464 420 2529 rettulit.
466 2461 618 2546 Senatus,
648 2484 729 2547 quos
757 2462 799 2528 ad
824 2462 956 2547 soleret,
990 2462 1196 2531 referendum
1211 2484 1241 2527 aa

184 2553 317 2621 censuit.
351 2551 550 2637 Haruspices
568 2551 746 2617 introducti
763 2551 1000 2636 responderunt
1012 2574 1080 2618 non
1092 2552 1196 2620 luisse

133 2655 165 2706 11
184 2643 308 2708 iustum
338 2640 545 2709 comitiorum
567 2644 762 2725 rogatorem.
807 2640 891 2706 Tum
914 2639 1093 2727 Gracchus,
1116 2646 1155 2708 ut
1178 2665 1196 2708 e

183 2735 278 2835 patre
297 2729 478 2814 audiebam,
495 2728 644 2794 incensus
662 2729 726 2793 ira:
749 2728 877 2795 ‘Itane
895 2730 1007 2796 vero?
1031 2752 1101 2818 ego
1119 2753 1196 2798 non

184 2823 329 2903 iustus,
362 2818 429 2903 qui
458 2821 497 2882 et
524 2817 659 2883 consul
687 2817 825 2904 rogavi
852 2822 890 2882 at
917 2839 1040 2904 augur
1066 2823 1105 2884 et
1132 2842 1195 2885 au·

185 2906 361 2995 spicato?
390 2927 438 2971 an
459 2926 527 2972 vos
549 2905 665 2971 'l'usci
687 2926 729 2971 ac
752 2905 910 2971 barbari
934 2906 1238 2992 auspicioruma

184 2995 321 3083 populi
343 2993 506 3060 Romani
532 2993 592 3060 ius
619 2994 764 3059 tenetis
788 2998 826 3059 et
847 2994 1086 3081 interpretes
1109 3018 1195 3062 esse

184 3084 432 3153 comitiorum
467 3082 677 3168 potestis?
735 3081 852 3167 Itaque
888 3087 958 3148 tum
994 3083 1070 3149 illos
1107 3085 1195 3151 exire

183 3173 288 3240 iussit.
333 3171 415 3238 Post
442 3176 552 3238 antem
575 3194 592 3238 e
614 3171 781 3258 provincia
803 3171 932 3237 litteras
955 3170 997 3237 ad
1019 3173 1195 3260 collegium

184 3263 275 3329 misit
305 3283 352 3346 se,
382 3284 456 3327 cum
486 3261 610 3348 legeret
639 3261 754 3345 libros,
783 3260 988 3326 recordatum
1015 3282 1086 3327 esse
1112 3262 1194 3329 vitio

185 3350 248 3417 sibi
279 3350 527 3418 tabernaculum
558 3353 690 3434 captum
721 3348 822 3413 luisse
855 3348 982 3430 [hortos
1010 3346 1195 3437 Scipionis],
1209 3367 1237 3409 a

185 3439 281 3526 quod,
304 3461 377 3505 oum
395 3437 576 3524 pomerium
593 3441 710 3522 postea
726 3437 883 3502 intrasset
903 3437 1044 3503 habendi
1062 3442 1196 3505 senatus

184 3550 295 3608 causa,
325 3528 361 3593 in
392 3525 568 3610 redeundo,
600 3546 673 3591 aum
704 3525 790 3590 idem
821 3525 1002 3609 pomerium
1030 3526 1197 3614 transiret,
