2652 3920
158 182 220 248 198
508 182 558 238 ΒΕ
578 180 822 241 DIVINATIONE

156 349 195 394 ex
211 327 253 393 iis
272 327 371 394 etiam
388 327 530 394 fructum
548 327 641 413 capio
662 326 786 394 laboris
805 325 878 411 mei,
899 327 956 412 qui
972 327 1040 393 iam
1058 331 1167 394 aetate

154 417 301 502 provecti
322 416 358 482 in
378 417 500 482 nostris
524 416 618 481 libris
642 415 869 500 adquiescunt3
898 436 1035 501 quorum
1059 417 1167 483 studio

155 504 284 591 legendi
310 526 418 571 meum
441 504 603 571 scribendi
625 504 771 569 studium
793 503 1017 570 vehementius
1039 504 1075 569 in
1098 506 1167 571 dies

135 592 324 683 ‚incitatum
352 614 433 678 quos
461 593 591 677 quidem
613 592 737 678 plures,
765 612 863 677 quam
886 593 995 677 rebar,
1023 614 1094 659 esse
1115 615 1167 660 oo-

156 682 264 770 gnovi.
297 681 509 769 Magnificum
527 681 610 748 illud
628 681 726 746 etiam
740 679 962 766 Romanisque
979 680 1200 748 hominibuse

157 770 352 857 gloriosum,
387 774 426 837 ut
459 768 591 836 Graecis
628 769 667 836 de
702 769 913 856 philosophia
949 770 1069 836 litteris
1100 792 1167 837 non

120 871 136 920 c
156 863 287 945 egeant3
311 857 398 944 quod
420 857 579 942 adsequar
596 858 752 943 profecto,
775 858 804 922 si
820 857 976 923 instituta
992 858 1167 944 perfecero.

155 947 205 1014 Ac
227 947 309 1013 mihi
332 947 462 1032 quidem
485 946 694 1032 explicandae
716 945 944 1032 philosophiae
963 968 1095 1012 eausam
1113 947 1168 1014 ad·

155 1036 234 1104 tulit
265 1057 359 1101 casus
391 1036 501 1123 gravis
533 1035 689 1118 civitatis,
721 1056 795 1100 cum
826 1034 862 1101 in
888 1035 988 1101 armis
1016 1036 1167 1102 civilibus

154 1146 214 1190 nec
245 1123 331 1189 tueri
362 1146 435 1191 meo
467 1145 557 1190 more
583 1145 653 1191 rem
679 1123 845 1208 publicam
871 1144 931 1190 nee
956 1123 1041 1189 nihil
1068 1146 1166 1212 agere
1182 1131 1224 1184 ια’

155 1216 305 1299 poteram
333 1234 406 1298 nec,
433 1212 511 1298 quid
537 1212 661 1298 potius,
691 1212 777 1296 quod
804 1210 934 1297 quidem
957 1235 1010 1278 me
1033 1212 1168 1300 dignum

156 1305 252 1387 esset,
270 1322 410 1388 agerem,
427 1300 638 1387 reperiebam.
665 1299 801 1366 Dabunt
818 1300 922 1387 igitur
939 1301 1020 1368 mihi
1039 1302 1168 1368 veniam

156 1389 221 1458 mei
250 1390 336 1457 cives
365 1391 418 1456 vel
447 1390 589 1477 gratiam
615 1388 726 1475 potius
753 1388 934 1474 habebunt,
965 1390 1065 1476 quod,
1094 1414 1168 1457 cum

157 1481 243 1545 esset
269 1479 304 1544 in
333 1479 428 1546 unius
455 1481 620 1564 potestate
647 1499 699 1543 res
726 1478 871 1564 publica,
898 1499 1003 1564 neque
1030 1501 1092 1566 ego
1115 1500 1167 1545 me

156 1567 266 1634 abdidi
297 1589 401 1653 neque
432 1567 560 1633 deserui
591 1588 696 1650 neque
727 1566 837 1632 adflixi
862 1588 968 1652 neque
994 1568 1044 1633 ita
1071 1568 1167 1655 gessi,
1183 1584 1209 1626 ιε

157 1657 251 1742 quasi
272 1656 398 1723 homini
420 1660 478 1722 aut
499 1655 703 1741 temporibus
725 1654 843 1739 iratus,
870 1676 975 1740 neque
997 1678 1096 1743 porro
1119 1657 1167 1722 ita

157 1749 215 1813 cut
246 1746 397 1811 adulatus
429 1748 487 1811 aut
518 1745 698 1811 ednnratus
728 1743 895 1810 fortunam
923 1766 995 1810 sum
1023 1745 1168 1831 alterius,

158 1839 194 1901 ut
225 1856 277 1899 me
309 1854 400 1900 meae
431 1833 621 1919 paeniteret.
666 1831 705 1898 Id
734 1833 820 1899 enim
846 1832 955 1918 ipsum
982 1856 1003 1898 a
1028 1833 1167 1900 Platone

156 1921 429 2009 philosophiaque
448 1921 631 2007 didiceram,
649 1922 816 1987 naturales
835 1942 906 1988 esse
923 1921 1081 2006 quasdam
1095 1945 1167 1988 con·

156 2010 322 2077 versiones
344 2032 453 2076 rerum
472 2010 685 2096 publicarum,
708 2012 745 2075 ut
763 2031 820 2076 eae
837 2013 909 2075 tum
928 2030 949 2075 a
965 2010 1167 2096 principibus
1181 2028 1207 2069 ²⁰

122 2112 138 2162 ἰ
157 2102 353 2183 tenerentur,
376 2102 447 2164 tum
465 2121 486 2165 a
502 2098 642 2185 populis,
665 2098 840 2182 aliquando
860 2120 881 2164 a
898 2098 1046 2185 singulis.
1074 2097 1167 2175 Quod

157 2210 231 2254 cum
254 2187 425 2253 accidisset
446 2192 579 2253 nostrae
601 2187 649 2251 rei
671 2186 829 2272 publicae,
852 2189 924 2252 tum
945 2187 1095 2273 pristinis
1118 2210 1167 2254 or·

157 2276 228 2343 bati
250 2276 437 2341 muneribus
460 2277 541 2341 haee
563 2274 671 2340 studia
693 2296 849 2341 renovare
872 2275 1051 2361 coepimus,
1074 2280 1111 2341 nt
1134 2279 1168 2342 et

158 2365 285 2433 animus
303 2364 464 2431 molestiis
482 2364 544 2429 hac
561 2363 770 2448 potissimum
787 2385 822 2430 re
843 2365 1008 2430 levaretur
1026 2368 1060 2428 et
1072 2365 1167 2450 prod·

158 2475 302 2521 essemus
333 2454 457 2520 civibus
489 2451 627 2536 nostris,
658 2473 723 2537 qua
754 2474 789 2518 re
820 2474 957 2537 cumque
988 2474 1167 2539 possemus.
1181 2470 1207 2512 2⁶

156 2542 197 2608 In
218 2541 312 2608 libris
335 2542 421 2608 enim
444 2540 640 2606 sententiam
663 2540 861 2625 dicebamus,
889 2540 1167 2627 contionabamur,

156 2631 398 2719 philosophiam
420 2629 516 2696 nobis
534 2651 595 2715 pro
613 2628 661 2695 rei
679 2629 828 2714 publicae
846 2631 1076 2715 procuratione
1094 2632 1167 2697 sub-

157 2721 309 2787 stitutam
339 2719 545 2806 putabamus.
594 2715 690 2784 Nunc
722 2718 876 2803 quoniam
908 2718 947 2784 de
973 2741 1009 2784 re
1035 2718 1167 2804 publica

156 2808 283 2877 consuli
301 2808 409 2894 coepti
427 2828 547 2891 sumus,
565 2805 739 2871 tribuenda
756 2810 808 2872 est
825 2829 925 2893 opera
942 2807 990 2872 rei
1008 2807 1166 2893 publicae,

157 2898 209 2963 vel
243 2896 349 2963 omnis
380 2896 490 2982 potius
521 2896 556 2960 in
585 2915 624 2960 ea
654 2895 811 2980 cogitatio
841 2900 876 2960 et
904 2917 981 2961 cura
1008 2896 1167 2980 ponenda,
1180 2913 1208 2954 ω

156 2990 287 3052 tantum
309 2984 385 3051 huic
407 2982 514 3052 studio
538 2983 792 3069 relinquendum,
816 2986 974 3067 quantum
996 2983 1128 3049 vacabit
1148 3007 1169 3051 a

157 3074 289 3162 publico
317 3072 424 3175 officio
452 3076 487 3137 et
511 3093 652 3173 munere.
688 3069 761 3174 ¹Sed
787 3070 868 3138 haec
895 3071 978 3137 alias
1004 3071 1168 3158 pluribus3

118 3161 311 3317 ambil
329 3161 1049 3325 thiulhhtttl⁰tlhllllth
1071 3248 1168 3316 aa...

122 3309 292 3423 ⁸ruisset,
325 3359 407 3423 quae
439 3338 604 3425 superiore
636 3337 720 3402 libro
748 3339 872 3423 scripta
900 3341 990 3422 sunt,
1023 3338 1168 3424 satisque
1182 3356 1207 3398 ee

158 3427 363 3492 ambulatum
394 3427 571 3512 videretur,
606 3430 677 3495 tum
708 3425 744 3490 in
773 3425 987 3510 bibliotheca,
1020 3447 1102 3511 quae
1134 3427 1169 3494 in

157 3514 256 3600 Lycio
284 3519 348 3599 est,
375 3517 566 3583 adsedimus.
611 3514 722 3599 Atque
749 3535 825 3600 ego:
851 3513 1017 3579 Adcurate
1039 3518 1077 3579 tu
1100 3515 1169 3598 qui·
