2654 3912
175 217 241 280 424
569 214 619 270 DE
637 215 791 272 LEGIBUS

174 362 354 449 prodantur
381 367 427 448 et,
456 365 495 428 nt
520 362 556 428 in
581 362 654 448 lege
675 361 784 447 posui,
813 365 972 448 perpetua
994 361 1062 427 sint
1085 383 1185 428 sacra

120 465 155 517 48
174 451 296 534 †Haec
318 451 425 537 posite
446 452 528 518 haec
550 451 622 517 iura
644 451 835 537 pontificum
858 449 1054 516 auctoritate
1077 472 1187 517 conse

175 544 251 607 outa
272 543 359 623 sunt,
381 545 427 624 ut,
448 562 490 605 ne
512 543 618 611 morte
641 539 745 625 patris
767 538 912 605 familias
935 560 1104 606 sacrorum
1121 562 1187 606 me

174 629 280 696 moria
293 628 462 713 occideret,
478 628 520 693 iis
534 632 643 694 essent
657 649 695 694 ea
708 627 870 712 adiuncta,
889 627 931 694 ad
945 649 1027 713 quos
1041 627 1187 694 eiusdem

174 721 280 784 morte
302 717 440 803 pecunia
461 717 595 783 venerit.
635 715 708 783 Hoc
729 738 795 782 uno
816 716 936 802 posito,
959 715 1046 801 quod
1069 720 1120 782 est
1142 717 1186 782 ad
1212 736 1226 777 s

174 805 393 892 cognitionem
414 805 603 891 disciplinae
622 804 714 889 satis,
731 804 982 871 innumerabilia
998 809 1187 890 nascuntur,

174 895 293 981 quibus
315 894 494 979 implentur
516 893 597 959 iuris
619 894 844 960 consultorum
866 893 957 978 libri3
985 898 1187 979 quaeruntur

174 985 271 1069 enim,
293 983 350 1069 qui
372 982 598 1070 astringantur
620 982 730 1048 sacris.
768 981 934 1048 Heredum
955 1003 1055 1049 causa
1076 982 1187 1047 iustis-

174 1072 259 1137 sima
281 1075 345 1154 est3
367 1071 461 1136 nulla
479 1076 530 1136 est
548 1070 634 1137 enim
652 1091 801 1156 persona,
824 1092 907 1155 quae
925 1069 967 1136 ad
984 1070 1088 1136 vicem
1106 1071 1186 1153 eius,

174 1161 231 1246 qui
260 1183 278 1226 e
305 1160 374 1226 vita
401 1160 585 1246 emigrarit,
615 1159 750 1245 propius
777 1159 918 1225 accedat.
963 1158 1101 1244 Deinde,
1129 1160 1186 1244 qni
1201 1182 1228 1222 ro

174 1251 280 1316 morte
307 1251 546 1315 testamentove
570 1248 639 1314 cius
661 1246 853 1314 tantundem
876 1247 998 1334 capiat,
1026 1252 1186 1333 quantum

174 1358 287 1403 omnes
314 1336 458 1404 heredes.
503 1336 542 1402 Id
569 1358 696 1422 quoque
726 1335 852 1420 ordinm
883 1339 935 1402 est
962 1336 1049 1402 enim
1079 1337 1120 1402 od
1142 1335 1188 1422 id,

175 1426 262 1512 quod
293 1427 500 1513 propositum
528 1428 592 1510 est,
623 1424 915 1492 adcommodatum.
961 1423 1072 1491 Tertio
1103 1425 1186 1510 loco,

174 1515 202 1580 si
224 1536 320 1581 nemo
345 1516 389 1580 sit
410 1514 515 1599 heres,
537 1514 575 1599 is,
598 1514 656 1600 qui
677 1514 716 1579 de
739 1513 843 1597 bonis,
866 1534 949 1600 quae
967 1513 1036 1578 eius
1054 1514 1186 1597 fuerint,

174 1624 273 1687 quom
314 1604 468 1687 moritur,
508 1624 570 1668 usu
610 1602 732 1687 ceperit
766 1602 945 1688 plurimum
980 1602 1186 1688 possidendo.
1200 1624 1228 1667 u

174 1690 311 1776 Quarto,
339 1692 408 1777 qui,
436 1692 465 1757 si
486 1712 582 1757 nemo
606 1691 663 1775 sit,
690 1690 746 1776 qui
768 1690 872 1756 ullam
893 1712 964 1758 rem
987 1691 1123 1777 ceperit,
1145 1690 1185 1756 de

122 1795 157 1845 49
176 1780 391 1847 creditoribus
415 1780 483 1846 eius
506 1779 684 1866 plurimum
707 1784 823 1845 servet
858 1778 1016 1845 Extrema
1037 1780 1097 1846 illa
1114 1801 1186 1865 per·

173 1890 255 1935 sona
277 1872 341 1954 est,
363 1874 401 1934 ut
423 1870 466 1953 is,
488 1869 517 1934 si
539 1868 596 1955 qui
618 1868 662 1953 ei,
690 1868 745 1952 qui
768 1872 916 1935 mortuus
939 1869 992 1953 sit,
1014 1869 1185 1953 pecuniam

173 1958 321 2024 debuerit
351 1957 538 2042 neminique
568 1979 642 2022 eam
669 1956 817 2041 solverit,
852 1957 988 2043 proinde
1015 1957 1185 2040 habeatur,

175 2046 269 2132 quasi
292 2069 364 2112 eam
387 2046 556 2131 pecuniam
580 2045 710 2131 ceperit.
1198 2067 1228 2107 ao

121 2139 165 2203 20
240 2133 331 2201 Haec
357 2156 418 2201 nos
446 2156 467 2199 a
489 2133 646 2200 Scaevola
669 2132 838 2198 didicimus
861 2155 928 2200 non
949 2134 999 2201 ita
1020 2134 1186 2221 descripta

174 2224 217 2291 ab
247 2223 400 2307 antiquis.
444 2221 531 2287 Nam
558 2222 610 2286 illi
637 2220 767 2307 quidem
795 2222 848 2287 his
876 2222 984 2288 verbis
1012 2223 1184 2289 docebant:

174 2310 281 2378 tribus
309 2309 414 2376 modis
442 2311 543 2376 sacris
572 2310 747 2397 adstringi,
774 2314 832 2375 aut
854 2309 1047 2394 hereditate,
1075 2316 1132 2378 aut
1154 2313 1184 2378 si

174 2399 331 2466 maiorem
354 2402 482 2484 partem
504 2398 659 2484 pecuniae
682 2398 804 2485 capiat,
830 2403 901 2484 aut,
927 2400 957 2465 si
979 2402 1085 2466 maior
1106 2422 1184 2486 pars

120 2502 156 2554 oo
173 2487 329 2574 pecuniae
358 2488 471 2574 legata
499 2490 563 2572 est,
592 2488 622 2553 si
648 2487 722 2553 inde
750 2488 917 2573 quippiam
945 2489 1075 2574 ceperit.
1120 2486 1184 2554 Sed
1197 2509 1228 2552 rs

172 2577 360 2665 pontificem
392 2596 575 2661 sequamur.
620 2575 748 2641 Videtis
779 2576 882 2662 igitur
908 2577 1019 2644 omnia
1044 2576 1184 2663 pendere

173 2688 213 2733 ex
238 2687 304 2731 uno
331 2665 405 2750 illo,
432 2665 519 2750 quod
545 2665 714 2750 pontifices
742 2687 815 2731 cunr
837 2666 974 2751 pecunia
996 2688 1089 2732 sacra
1110 2686 1184 2733 con·

172 2754 265 2841 iungi
284 2754 401 2820 volunt
418 2753 585 2839 isdemque
602 2754 702 2820 ferias
720 2758 754 2821 et
771 2755 984 2821 caerimonias
1002 2754 1185 2823 adscriben-

173 2844 231 2911 das
253 2846 381 2930 putant.
427 2841 537 2927 Atque
560 2842 660 2908 etiam
683 2842 762 2908 dant
784 2843 847 2909 hoc
869 2840 1056 2928 Scaevolae,
1084 2865 1184 2929 quom

173 2938 225 2999 est
246 2932 393 3018 part'tio,
415 2934 462 3017 ut,
485 2930 513 2997 si
535 2930 570 2997 in
592 2934 790 2997 testamento
813 2930 951 2997 deducta
972 2932 1096 3019 scripta
1117 2951 1228 2998 nonao

174 3021 218 3088 sit
245 3021 372 3106 ipsique
400 3019 508 3086 minus
531 3020 689 3106 ceperint,
716 3042 814 3104 quam
838 3020 988 3086 omnibus
1012 3021 1184 3087 heredibus

173 3109 392 3194 relinquatur,
424 3109 525 3175 sacris
552 3130 593 3174 ne
623 3107 809 3195 alligentur.
853 3107 894 3174 In
920 3108 1094 3176 donatione
1121 3110 1185 3176 hoc

172 3198 271 3265 iidem
294 3219 386 3263 secus
409 3196 675 3282 interpretantur,
698 3200 740 3281 et,
762 3196 850 3282 quod
871 3200 966 3284 pater
986 3197 1131 3264 familias
1149 3199 1185 3263 in

173 3286 243 3351 eins
262 3284 446 3369 donatione,
469 3285 525 3368 qni
542 3284 577 3349 in
594 3284 697 3370 ipsius
715 3288 881 3371 potestate
899 3290 958 3370 est,
981 3287 1184 3371 adprobavit,

173 3378 283 3440 ratum
306 3376 370 3457 est3
393 3373 480 3458 quod
502 3394 541 3440 eo
563 3372 720 3439 insciente
741 3373 865 3440 factum
888 3379 948 3458 est,
971 3374 1000 3440 ai
1020 3375 1054 3439 id
1071 3375 1100 3440 is
1117 3397 1185 3441 non
1198 3393 1226 3436 ss

119 3473 154 3524 51
174 3461 349 3548 adprobat,
378 3464 487 3527 ratum
513 3482 582 3528 non
607 3465 667 3528 est.
711 3459 774 3526 His
796 3462 975 3547 propositis
999 3464 1184 3548 quaestiun-

174 3550 265 3616 culae
288 3550 412 3616 multae
430 3553 617 3635 nascuntur,
640 3571 731 3634 quas,
754 3549 810 3634 qui
828 3550 1003 3639 intellegat
1024 3550 1132 3636 †n0n,
1155 3552 1184 3616 si
