2652 3908
169 175 231 239 114
474 175 523 231 DE
541 175 694 232 NATURA
712 175 867 232 DEORUM

165 319 279 404 fuisse,
310 323 360 405 ut,
392 342 467 388 cum
499 321 669 387 ostendere
700 321 816 406 velles,
869 321 961 389 uoles
992 322 1026 388 di
1058 329 1177 409 essent,

166 409 352 474 ostenderes
379 409 489 475 nullos
517 431 596 475 esse.
642 408 674 475 A
701 344 932 479 eonsuetubne
960 412 1046 477 enim
1069 412 1176 478 oculo·

165 519 239 563 rum
262 498 407 564 animum
429 497 587 564 abducere
605 497 834 565 difficillimum
853 498 991 585 dicebas,
1014 499 1080 585 sed,
1103 523 1176 567 cum

166 585 225 652 deo
243 585 327 651 nihil
345 587 566 672 praestantius
585 591 680 670 esset,
697 608 764 653 non
783 586 965 671 dubitabas,
989 589 1067 673 quin
1086 611 1176 653 mun·

165 675 225 740 dus
257 677 345 740 esset
376 675 470 760 deus,
502 697 565 761 quo
598 675 680 741 nihil
712 675 747 740 in
778 697 887 742 rerum
914 680 1032 742 natura
1060 678 1175 742 melius
1202 695 1217 737 s

165 766 260 829 esset.
304 762 402 829 Modo
429 784 598 849 possemus
626 785 700 829 eum
728 763 926 830 animantem
954 766 1100 852 cogitare
1122 767 1175 830 vel

111 865 145 914 21
165 853 290 937 potius,
315 855 352 917 ut
375 855 483 918 cetera
505 852 621 935 oculis,
643 851 690 918 sic
713 853 821 919 animo
844 853 906 919 hoc
929 856 1071 920 cernere!
1113 851 1176 919 Sed
1279 922 1285 934 ,

166 962 240 1006 cum
267 939 386 1006 mundo
415 961 518 1026 negas
547 940 720 1025 quicquam
743 962 813 1007 esse
836 941 965 1027 melius,
995 942 1073 1027 quid
1096 943 1175 1008 dicis

166 1028 304 1094 melius?
345 1025 380 1095 Si
402 1029 580 1114 pulchrius,
603 1028 782 1114 adsentior,
804 1028 833 1095 si
856 1030 965 1117 aptius
988 1030 1030 1096 ad
1052 1030 1175 1095 utilita-

165 1121 215 1183 tes
237 1120 383 1200 nostras,
409 1117 443 1183 id
466 1138 593 1202 quoque
616 1117 795 1201 adsentior,
822 1117 874 1183 sin
896 1123 1006 1184 autem
1028 1118 1062 1183 id
1085 1119 1174 1202 dicis,
1190 1137 1217 1178 ιο

165 1205 248 1270 nihil
272 1227 342 1271 esse
365 1205 485 1273 mundo
508 1205 700 1291 sapientius,
729 1206 821 1272 nullo
845 1207 941 1272 modo
964 1228 1097 1292 prorsus
1122 1208 1174 1272 ad-

166 1294 302 1379 sentior,
328 1315 395 1360 non
421 1294 508 1379 quod
535 1293 666 1360 difficile
694 1294 738 1359 sit
765 1298 908 1359 mentem
936 1295 977 1360 ab
1001 1294 1103 1361 oculis
1128 1317 1175 1360 se·

165 1404 293 1467 vocare,
318 1383 375 1448 sed
397 1404 461 1468 quo
485 1383 591 1469 magis
614 1404 743 1466 sevoco,
766 1404 804 1449 eo
827 1382 934 1448 minus
957 1383 1004 1468 id,
1028 1384 1114 1468 quod
1137 1387 1174 1449 tu

125 1472 145 1536 9
165 1471 228 1555 vis,
250 1492 384 1557 possum
407 1475 515 1537 mente
538 1471 817 1556 comprehendere.
862 1469 956 1537 Nihil
980 1476 1030 1537 est
1053 1472 1173 1537 mundo

166 1559 282 1627 melius
309 1560 344 1625 in
370 1582 478 1627 rerum
505 1564 631 1625 natura.
680 1558 731 1625 Ne
761 1559 796 1624 in
822 1560 919 1625 terris
943 1560 1073 1645 quidem
1096 1561 1175 1626 urbe
1190 1578 1217 1619 re

164 1653 291 1733 nostra3
326 1671 404 1715 num
435 1649 538 1735 igitur
568 1648 687 1714 idcirco
723 1647 758 1713 in
789 1648 869 1714 urbe
903 1670 973 1713 esse
1006 1649 1175 1731 rationem,

165 1737 411 1825 cogitationem,
439 1741 580 1802 mentem
603 1736 722 1821 putas?
751 1740 822 1821 aut,
849 1737 1003 1821 quoniam
1030 1759 1097 1804 non
1123 1738 1175 1820 sit,

164 1849 243 1892 num
272 1827 391 1892 idcirco
424 1825 590 1892 existimas
621 1824 792 1890 formicam
820 1825 1079 1910 anteponendam
1106 1847 1176 1891 esse

165 1914 240 1981 huic
275 1914 522 2001 pulcherrumae
558 1913 645 1997 urbi,
682 1914 768 1997 quod
799 1912 833 1978 in
866 1914 945 1979 urbe
982 1935 1094 1979 sensus
1132 1915 1176 1978 sit

164 2004 283 2089 nullus,
305 2003 340 2068 in
361 2001 498 2068 formica
518 2024 587 2068 non
608 2002 704 2069 modo
728 2023 850 2086 sensus,
873 2001 930 2067 sed
952 2002 1052 2069 etiam
1075 2024 1175 2083 mens,
1189 2022 1217 2062 20

165 2092 264 2176 ratio,
301 2091 478 2158 memoria?
529 2090 648 2156 Videre
680 2093 823 2174 oportet,
854 2089 972 2173 Balbe,
1004 2090 1082 2175 quid
1114 2091 1203 2169 tibi¹

112 2191 146 2241 22
165 2181 368 2263 concedatur,
390 2201 456 2245 non
478 2183 512 2245 te
534 2179 650 2265 ipsum,
673 2178 759 2263 quod
777 2177 868 2262 velis,
890 2199 1025 2243 sumere.
1069 2177 1174 2242 Istum

167 2269 252 2334 enim
281 2268 389 2334 locum
419 2271 526 2333 totum
552 2268 612 2333 illa
638 2271 732 2333 vetus
760 2265 898 2332 Zenonis
926 2266 1034 2331 brevis
1062 2270 1108 2350 et,
1137 2271 1174 2331 ut

165 2357 227 2423 tibi
254 2357 438 2440 ridebatur,
464 2359 560 2422 acuta
582 2355 745 2423 conclusio
770 2354 928 2420 dilatavit.
974 2354 1059 2420 Zeno
1089 2354 1183 2420 enim'

165 2446 214 2512 ita
232 2444 405 2512 concludit:
429 2442 533 2520 ‘Quod
551 2444 677 2510 ratione
695 2443 808 2525 utitur,
825 2442 859 2508 id
877 2442 993 2508 melius
1012 2446 1062 2508 est
1077 2465 1174 2528 quam
1188 2462 1216 2503 rs

166 2535 213 2618 id,
242 2534 327 2619 quod
349 2533 476 2602 ratione
498 2554 565 2599 non
587 2533 704 2616 utitur3
730 2531 813 2597 nihil
836 2536 946 2597 autem
968 2532 1088 2597 mundo
1111 2555 1175 2596 me·
1303 2599 1307 2605 ,

112 2636 147 2686 23
166 2623 245 2708 lius3
277 2623 404 2688 ratione
433 2622 537 2708 igitur
568 2622 706 2686 mundus
734 2619 857 2685 utitur?
903 2618 975 2686 Hoc
1003 2620 1032 2686 si
1058 2620 1176 2706 placet,

166 2712 233 2778 iam
251 2711 381 2796 efficies,
399 2714 436 2776 ut
454 2710 591 2776 mundus
611 2709 734 2795 optime
753 2709 873 2774 librum
891 2709 1002 2795 legere
1018 2709 1175 2775 videatur.

166 2800 305 2866 Zenonis
342 2800 427 2865 enim
458 2798 607 2884 vestigiis
638 2798 701 2864 hoc
732 2796 827 2863 modo
860 2798 1020 2863 rationem
1051 2799 1174 2883 poteris

167 2889 370 2956 concludere:
393 2886 498 2964 ‘Quod
521 2886 703 2951 litteratum
727 2888 786 2970 est,
808 2884 843 2951 id
861 2889 912 2951 est
930 2886 1056 2971 melius,
1078 2906 1174 2970 quam
1189 2903 1217 2944 cc

168 2976 254 3062 quod
275 2999 342 3043 non
364 2980 416 3042 est
438 2977 636 3059 litteratum,
664 2974 747 3039 nihil
771 2977 880 3042 autem
902 2975 1021 3040 mundo
1046 2974 1175 3057 melius3

167 3066 333 3133 litteratus
356 3065 459 3153 igitur
481 3068 532 3130 est
553 3062 712 3131 mundus?
748 3060 818 3128 Isto
841 3062 937 3129 modo
961 3062 1060 3128 etiam
1079 3062 1176 3126 diser·

167 3158 222 3220 tus
245 3154 432 3239 etquidem
454 3151 718 3236 mathematicus,
746 3151 901 3234 musicus,
928 3150 1016 3216 omni
1039 3149 1175 3235 denique

168 3243 316 3311 doctrina
340 3243 494 3326 eruditus,
516 3245 682 3327 postremo
705 3239 920 3327 philosophus
944 3238 1006 3303 erit
1028 3237 1175 3311 mundus.

168 3329 271 3418 Saepe
294 3331 376 3397 dixti
398 3331 482 3397 nihil
505 3330 575 3395 fieri
596 3329 662 3395 nisi
684 3350 723 3394 ex
746 3349 798 3412 eo,
820 3349 879 3392 nec
900 3326 993 3392 illam
1015 3326 1082 3392 rim
1105 3349 1175 3392 esse
1189 3343 1217 3386 ιο

168 3424 317 3505 naturae,
344 3424 382 3486 ut
404 3419 455 3486 sui
478 3416 650 3484 dissimilia
672 3420 785 3502 posset
808 3414 975 3501 effingere3
1003 3415 1175 3483 concedam

167 3531 234 3576 non
256 3508 353 3575 modo
376 3507 574 3574 animantem
593 3510 627 3572 et
645 3504 825 3592 sapientem
844 3524 914 3569 esse
932 3504 1097 3590 mundum,
1120 3508 1175 3570 sed
