2652 3908
171 155 235 221 120
473 153 523 208 DE
541 152 694 208 NATURA
712 153 867 211 DEORUM

167 299 252 365 tinet
270 298 311 365 ad
331 298 429 365 deos?
451 298 619 364 hominum
639 297 724 363 enim
742 299 881 364 societas
901 302 934 364 et
952 299 1177 383 communitas,

168 404 205 454 ut
228 410 286 453 vos
310 387 426 471 dicitis,
449 386 610 453 iustitiam
632 386 824 471 procreavit.
869 385 1100 473 Temperantia
1123 411 1176 454 au·

167 481 235 543 tem
258 481 387 543 constat
405 497 444 541 ex
461 473 759 561 praetermittendis
777 475 1002 560 voluptatibus
1021 477 1176 562 corporiS,

168 565 219 632 cui
237 564 266 630 si
285 565 375 630 locus
394 564 428 629 in
446 564 536 630 caelo
556 567 615 646 est,
638 567 688 628 est
707 563 806 628 etiam
820 564 1053 649 voluptatibus.
1089 564 1176 630 Nam

168 654 264 720 fortis
288 653 365 719 deus
388 650 537 738 intellegi
561 652 616 736 qui
638 651 771 736 potest?
795 652 829 716 in
853 651 985 718 dolore?
1009 674 1051 718 an
1074 653 1109 718 in
1130 653 1176 718 la·
1203 675 1216 716 s

168 743 269 808 bore?
302 763 356 819 an,
375 740 410 806 in
436 740 603 826 periculo?
636 761 773 824 quorum
801 740 895 805 deum
922 740 1003 806 nihil
1031 741 1175 828 attingit.

116 841 149 891 39
168 830 237 896 Nec
259 830 385 895 ratione
408 829 511 916 igitur
528 831 673 893 utentem
690 848 750 894 nec
768 828 889 895 virtute
907 830 976 895 ulla
993 830 1176 916 praeditum

167 920 262 985 deum
290 918 480 1004 intellegere
508 917 564 1001 qui
586 916 780 1001 possumus?
824 915 894 984 Nec
916 940 993 985 vero
1016 919 1106 1005 volgi
1129 924 1176 984 at·

168 1030 232 1093 que
253 1006 478 1092 imperitorum
500 1004 664 1070 inscitiam
688 1004 851 1090 despicere
873 1022 1015 1090 possum,
1042 1029 1114 1073 cum
1138 1030 1177 1073 ea

167 1094 344 1179 considero,
368 1115 450 1179 quae
473 1093 623 1158 dicuntur
646 1089 811 1177 aStoicis3
835 1098 911 1159 sunt
934 1095 1020 1159 enim
1038 1095 1098 1161 illa
1115 1095 1175 1160 im·
1190 1118 1218 1159 ro

167 1184 359 1270 peritorum:
386 1182 508 1268 piscem
531 1179 604 1266 Syri
627 1186 836 1266 venerantur,
864 1204 958 1248 omne
981 1183 1049 1248 fere
1074 1205 1175 1270 genus

169 1272 348 1338 bestiarum
361 1269 520 1357 Aegyptii
543 1274 825 1354 consecraverunt3
848 1271 914 1336 iam
933 1293 1009 1337 vero
1029 1272 1062 1337 in
1078 1271 1176 1338 Grae·

168 1361 218 1428 cia
249 1361 371 1425 multos
403 1359 526 1424 habent
558 1380 596 1424 ex
628 1358 814 1425 hominibus
846 1359 937 1444 deos,
969 1360 1177 1426 Alabandum

168 1448 358 1532 Alabandis,
376 1447 508 1513 Tenedii
522 1445 662 1530 Tennen,
681 1447 908 1532 Leucotheam,
926 1470 1008 1532 quae
1026 1448 1089 1514 fuit
1107 1448 1177 1534 Ine,

168 1541 203 1604 et
224 1538 293 1604 eius
311 1537 540 1607 Palaemonem
563 1535 668 1600 filium
690 1540 807 1602 cuncta
824 1534 969 1619 Graecia,
992 1536 1175 1623 Herculem,
1190 1559 1216 1600 rs

168 1625 412 1711 Aesculapium,
444 1623 659 1709 Tyndaridem
690 1623 866 1689 Romulum
895 1625 1000 1690 nostri
1030 1627 1176 1711 aliosque

168 1714 358 1801 compluriS,
386 1734 467 1798 quos
490 1712 583 1798 quasi
605 1734 707 1778 novos
731 1717 764 1777 et
787 1712 1010 1798 adscripticios
1033 1714 1119 1780 cives
1142 1715 1177 1779 in

117 1770 158 1836 16

116 1848 149 1898 40
168 1806 293 1872 caelum
324 1806 472 1887 receptos
504 1804 630 1886 putant.
675 1799 764 1866 Haec
796 1801 898 1887 igitur
929 1802 1067 1886 indocti3
1099 1803 1177 1887 quid

167 1914 227 1973 sos
249 1890 458 1977 philosophi?
483 1889 538 1974 qui
560 1888 717 1954 meliora?
754 1888 880 1955 Omitto
899 1890 971 1974 illa3
995 1895 1072 1956 sunt
1090 1892 1176 1956 enim

167 1981 347 2134 ppplplclpsrpp
384 1978 429 2043 sit
458 1998 536 2042 sane
567 1977 646 2042 deus
678 1977 748 2062 ipse
779 1980 926 2043 mundus.
978 1978 1050 2044 Hoc
1081 1980 1217 2046 credero

235 2187 399 2256 sublime
427 2190 608 2274 candens,
635 2211 744 2275 quem
771 2186 956 2343 inlvocant
983 2193 1113 2257 omnes

827 2300 941 2345 ovem.

169 2421 275 2498 Quare
302 2420 404 2507 igitur
430 2419 535 2506 pluris
563 2420 770 2506 adiungimus
793 2419 892 2486 deos?
922 2424 1044 2505 quanta
1067 2424 1176 2485 autem

169 2516 220 2577 est
242 2507 354 2576 eorum
377 2507 564 2575 multitudo!
602 2508 684 2574 Mihi
707 2508 835 2593 quidem
859 2530 936 2572 sane
954 2509 1051 2574 multi
1069 2509 1177 2574 viden·

169 2604 231 2665 tur.
272 2595 425 2684 Singulas
453 2598 539 2662 enim
566 2598 681 2662 stellas
702 2617 854 2662 numeras
877 2596 954 2662 deos
978 2618 1096 2682 eosque
1120 2602 1176 2662 aut
1191 2616 1216 2659 rs

169 2689 339 2753 beluarum
370 2686 500 2751 nomine
532 2685 694 2771 appellas,
725 2688 763 2750 ut
790 2682 945 2770 Capram,
976 2689 1013 2752 ut
1040 2685 1177 2772 Nepam,

168 2782 206 2842 ut
233 2775 389 2859 Taurum,
416 2778 453 2839 ut
475 2773 629 2858 Leonem,
660 2777 718 2839 aut
744 2794 853 2838 rerum
879 2773 1110 2857 inanimamm,
1140 2784 1177 2839 ut

117 2881 151 2928 41
170 2866 272 2951 Argo,
294 2867 332 2928 ut
354 2862 466 2946 Aram,
488 2865 526 2926 ut
548 2860 718 2927 Coronam.
756 2859 819 2927 Sed
841 2864 879 2928 ut
901 2862 981 2928 haec
1003 2862 1177 2928 concedan-

168 2958 236 3038 tur,
263 2952 390 3036 reliqua
418 2950 474 3035 qui
496 2950 628 3015 tandem
650 2971 717 3016 non
738 2950 835 3017 modo
858 2951 1002 3035 concedi,
1032 2951 1088 3015 sed
1111 2972 1177 3015 om-

168 3042 246 3107 nino
268 3039 417 3125 intellegi
440 3039 599 3124 possunt?
645 3036 727 3105 Cum
749 3038 861 3124 fruges
885 3036 1043 3122 Cererem,
1065 3036 1176 3103 vinum
1190 3053 1216 3096 ao

168 3130 322 3195 Liberum
348 3127 493 3211 dicimus,
516 3147 633 3213 genere
651 3148 711 3192 nos
730 3126 860 3211 quidem
879 3127 1036 3193 sermonis
1055 3126 1178 3192 utimur

169 3218 306 3300 usitato,
338 3215 395 3281 sed
427 3236 559 3299 ecquem
591 3219 660 3280 tam
693 3219 855 3280 amentem
883 3237 953 3281 esse
979 3218 1089 3300 putas,
1122 3214 1178 3299 qui

169 3305 260 3388 illud,
283 3325 347 3389 quo
370 3308 528 3386 vescatur,
551 3304 647 3369 deum
669 3303 780 3369 credat
802 3304 895 3370 esse?
930 3302 1016 3369 Nam
1036 3325 1117 3388 quos
1136 3304 1177 3368 ab

169 3392 357 3458 hominibus
385 3391 569 3477 pervenisse
597 3389 677 3457 dicis
701 3390 742 3456 ad
764 3391 855 3475 deos,
884 3395 922 3456 tu
944 3391 1058 3457 reddes
1080 3392 1179 3458 ratio·

170 3503 259 3562 nem,
287 3502 383 3564 quem
410 3479 452 3544 ad
478 3480 610 3546 modum
632 3479 668 3544 id
688 3479 759 3545 fieri
782 3480 927 3564 potuerit
949 3483 1006 3545 aut
1029 3502 1086 3547 cur
1107 3479 1217 3546 fieriu
