2654 3924
392 149 460 206 ΜΒ.
480 151 527 207 111.
547 149 623 207 CAR
645 158 756 206 17-21.
776 157 791 217 ς
810 158 923 206 nc-su.
1097 151 1162 214 343

149 294 285 379 monuo?
322 293 458 360 Stultum
475 296 573 378 piune
593 296 713 360 uidetur
733 295 826 361 mutle
847 315 969 378 moeno.
1011 293 1096 362 Unde
1112 296 1162 361 in·

151 384 249 466 todeni
274 382 392 448 volebat
417 388 446 448 ot
472 404 554 463 eum,
580 385 635 466 qui
660 385 703 448 sit
723 385 823 450 iustus
840 404 877 448 ac
899 384 1007 461 bouus,
1034 385 1162 449 stultum

152 492 212 537 esse
233 476 262 536 et
282 492 360 550 eum,
382 473 437 554 qni
458 473 590 555 supinis,
612 474 747 548 mcium;
771 478 800 537 et
822 477 925 537 tumen
946 473 1013 537 sine
1024 473 1162 554 pernicie

153 561 221 642 deri
236 579 334 642 posse,
357 566 393 624 ut
413 560 635 633 sinticmines
651 565 836 644 paupertate
857 561 996 626 contenti.
1171 608 1215 674 20

127 664 140 704 ⁶
220 647 466 713 Transcendcbct
486 670 555 732 erqo
577 650 621 714 ud
641 650 772 729 moiorc,
794 650 830 714 in
851 649 962 732 quibus
983 667 1071 714 nemo
1091 667 1160 730 pos-
1179 687 1215 735 30

152 742 197 801 set
215 738 281 802 sine
297 738 436 819 periculo
458 739 539 804 vitoe
560 740 660 803 iustus
681 758 758 816 esse,·
786 737 903 803 dicebat
923 738 1022 803 euim:
1045 735 1162 819 Nempe

153 826 273 891 iustitia
294 831 339 891 est
359 826 513 891 hominem
534 847 598 892 non
620 828 762 905 occidere,
790 827 928 893 cinnum
944 845 1077 909 morsm
1097 845 1162 890 non

152 915 307 1005 ottinyere.
350 914 433 994 Quid
458 935 528 999 erqo
554 916 655 981 iustus
676 916 782 996 faciet,
808 914 938 995 ciforte
958 914 1162 997 notificatum

151 1002 256 1082 feccrit
291 1008 321 1068 et
355 1004 470 1085 ctiqnn's
500 1004 681 1069 imbecillior
711 1004 830 1070 nimius
861 1004 999 1069 tutulum
1029 1002 1161 1085 ceperit?

115 1109 253 1156 nnounc
276 1092 365 1157 titum
388 1092 494 1157 tobulc
516 1093 697 1171 deturbabit,
726 1098 763 1158 ut
783 1094 848 1175 ipse
869 1093 1049 1158 conscendet
1069 1111 1163 1174 ecque

152 1180 246 1245 uiuus
284 1182 406 1260 eoodct,
447 1182 581 1246 monime
620 1202 689 1247 cum
729 1183 771 1248 sit
804 1181 911 1249 unctius
945 1182 1044 1246 medio
1079 1181 1163 1244 mori

154 1267 259 1334 testis?
303 1268 340 1334 Si
374 1270 497 1352 sopiens
532 1275 589 1349 est,
623 1271 731 1351 societ;
766 1271 829 1355 ipsi
863 1271 946 1336 enim
971 1269 1163 1352 perucndum

153 1363 208 1435 cst,
235 1358 298 1423 nisi
322 1358 442 1437 feccrit·
470 1360 499 1424 si
525 1364 627 1425 onum
652 1361 733 1424 mori
759 1359 904 1424 moluerit
929 1378 1024 1440 quom
1051 1377 1163 1425 munus

153 1445 269 1525 inferre
294 1447 398 1530 atteri,
425 1448 492 1515 ium
513 1467 583 1512 cero
604 1448 705 1513 iustus
726 1448 790 1526 iiie,
818 1448 872 1514 sed
891 1448 1005 1513 sutus
1026 1451 1082 1525 est,
1108 1447 1164 1529 qui

115 1550 141 1591 ιδ
154 1536 234 1600 vitoe
254 1555 328 1600 some
349 1555 413 1600 non
428 1540 551 1618 pcrcot,
572 1537 647 1601 duom
664 1538 770 1618 parcit
790 1535 918 1601 atienae.
954 1535 1036 1601 Item
1053 1535 1082 1600 si
1098 1536 1164 1599 ocio

153 1643 281 1688 sucorum
301 1623 375 1702 fuso
396 1623 493 1689 tostos
515 1625 636 1707 insequi
657 1626 806 1706 coeperint
824 1630 853 1689 et
868 1625 968 1690 iustus
986 1623 1039 1689 iile
1055 1628 1164 1688 noctus

153 1712 253 1794 fuerit
273 1712 407 1793 ntiquom
429 1713 568 1777 saucium
592 1733 666 1795 equo
687 1713 882 1790 insidentem,
904 1713 971 1778 eine
987 1716 1106 1794 parmi,
1128 1716 1164 1777 ut

154 1802 217 1883 uoce
239 1801 407 1879 occidatur,
433 1821 477 1865 ou
498 1801 604 1865 deiciet
624 1822 661 1865 eu
682 1822 769 1884 equo,
791 1807 828 1866 ut
847 1802 912 1882 inu
927 1802 1029 1884 possit
1049 1799 1163 1866 hostem

153 1888 306 1971 effugere?
329 1890 410 1971 quod
426 1890 455 1954 si
470 1888 582 1970 fecerit,
605 1891 736 1972 sopiens,
759 1891 908 1957 sedidem
925 1890 1035 1967 motus,
1053 1889 1082 1954 si
1099 1908 1164 1953 non

115 1994 141 2034 n
152 1979 265 2059 feccrit,
288 1979 396 2061 iustus,
418 1978 472 2044 sed
492 1978 573 2042 idem
593 1978 707 2051 stultus
727 1979 770 2045 sit
790 1998 905 2045 necesse
926 1983 977 2043 est.
1018 1977 1072 2042 Ito
1094 1986 1163 2060 erqo
1181 1988 1214 2038 ot

153 2067 306 2132 iustitium
332 2087 402 2132 cum
427 2067 462 2130 iu
484 2067 564 2132 decus
579 2071 687 2148 portes
708 2068 863 2134 divisisset
888 2066 1019 2131 aiterum
1045 2066 1163 2131 ciuilem

154 2175 217 2220 esse
238 2156 348 2234 dicuos,
371 2155 502 2219 ottercm
523 2156 707 2233 naturalem,
729 2160 891 2239 utromque
911 2155 1063 2233 minutii,
1084 2155 1166 2236 quod

153 2244 212 2308 illu
234 2244 334 2309 ciuilis
355 2244 509 2326 supientia
531 2244 574 2310 sit
594 2245 724 2326 quiden,
746 2245 800 2310 sed
814 2245 937 2310 iustitio
953 2244 1084 2322 nonsit,
1106 2263 1163 2309 nn·

154 2333 266 2398 torulis
292 2336 395 2396 ocium
422 2332 480 2397 ilic
505 2333 627 2398 iustitio
653 2335 695 2398 sit
720 2334 854 2414 quedem,
880 2334 934 2399 sed
958 2352 1022 2397 ncn
1048 2332 1090 2397 sit
1116 2351 1164 2397 sc·

114 2437 140 2478 ²⁶
148 2422 277 2505 pientia.
323 2421 450 2503 Arcuto
477 2420 551 2485 dccc
573 2422 668 2502 piune
694 2441 730 2486 uc
756 2426 904 2487 omuootu
925 2425 1010 2498 sunt,
1038 2425 1067 2485 et
1087 2439 1165 2502 quoe

154 2510 202 2574 M.
227 2508 350 2573 Tullius
371 2529 434 2573 non
452 2511 588 2591 potuerit
608 2509 758 2589 rescitum
781 2530 857 2575 num
878 2530 948 2575 cum
968 2509 1068 2589 faciut
1085 2508 1164 2573 Lue-

155 2598 233 2661 iium
254 2596 356 2661 Furio
378 2598 604 2679 respondentem
619 2617 681 2679 pro
703 2597 881 2681 iustitiaque
903 2599 1061 2675 dicentem,
1083 2597 1165 2660 iure·

153 2685 257 2766 fututa
284 2684 358 2748 doec
385 2689 543 2766 tamquam
566 2684 687 2764 foueam
706 2691 951 2769 praeterquessus
976 2689 1032 2763 est,
1058 2689 1095 2748 ut
1119 2684 1163 2750 oi·

155 2773 263 2837 deutur
284 2773 365 2837 idem
378 2772 506 2838 Ludius
522 2793 586 2838 non
603 2774 786 2852 nctnroiem,
808 2795 886 2857 quoe
905 2775 940 2838 in
957 2774 1072 2839 crimen
1089 2773 1165 2838 stui-

115 2878 142 2919 ω
156 2861 242 2926 titum
258 2865 389 2939 uenerut,
406 2862 460 2929 sed
477 2861 568 2927 iilum
581 2862 699 2928 ciuilem
711 2864 879 2944 defendisse
891 2862 1053 2941 iustitium,
1071 2881 1165 2944 quom

155 2948 276 3016 Furius
296 2950 481 3032 sapientium
503 2971 566 3018 esse
586 2957 782 3031 concesserat,
804 2951 859 3016 sed
878 2951 1037 3016 iniustum.
1072 2947 1165 3031 (Luc

155 3040 273 3104 tentius
296 3039 365 3104 inst.
388 3040 449 3103 dio.
477 3040 509 3104 V
525 3045 574 3105 16.
597 3040 727 3124 5—13.)

220 3128 265 3192 In
288 3127 364 3193 libro
386 3148 502 3210 quoque
522 3129 560 3193 de
580 3129 757 3210 republica
780 3128 909 3194 secundo
931 3127 967 3193 id
982 3127 1085 3210 iusum
1102 3095 1217 3224 uer-23}
1315 3076 1316 3135 ᾖ

155 3216 227 3281 bum
240 3213 344 3282 Cicero
360 3217 454 3298 ponit
473 3236 536 3280 non
558 3221 666 3281 ummo
688 3216 917 3283 trcusumdnuu.
959 3215 1058 3281 Verbo
1077 3236 1115 3281 en
1131 3236 1165 3282 eo

116 3320 142 3364 ss
156 3305 233 3370 iiiuc
254 3304 328 3370 tou
348 3309 437 3369 ment:
462 3301 538 3369 Non
557 3326 720 3391 gravarer,
742 3303 843 3388 Laeli,
865 3303 930 3370 nisi
950 3308 984 3369 et
1000 3303 1062 3370 hos
1080 3303 1165 3369 velle

155 3397 305 3479 putarem
332 3396 365 3457 et
392 3392 462 3479 ipse
489 3415 640 3479 cuperem
662 3397 696 3459 te
720 3414 847 3479 quoquo
871 3393 1015 3478 aliquam
1037 3396 1165 3478 purtem

154 3481 250 3547 huius
273 3480 378 3546 nostri
402 3482 560 3547 sermonis
584 3482 759 3568 attingere,
781 3482 975 3567 praesertim
998 3503 1072 3547 cum
1093 3480 1167 3546 heri
