2630 3904
157 194 202 256 44
467 191 517 246 DE
535 190 689 247 NATURA
707 191 863 246 DEORUM

158 336 281 401 tionem
309 339 343 400 et
369 335 625 402 benivolentiam
653 336 789 422 ponitis!
835 332 883 401 Ut
911 336 997 401 enim
1020 339 1181 402 omittam
1312 354 1313 377 ι

157 426 225 490 vim
248 428 282 489 et
302 427 456 489 naturam
478 424 621 508 deorum,
643 446 684 489 ne
707 423 855 489 homines
876 424 1005 508 quidem
1025 425 1181 508 censetis

157 513 222 578 nisi
257 513 402 578 inbecilli
434 517 556 597 essent,
591 511 720 578 futuros
753 512 914 578 beneficos
948 517 981 577 et
1013 513 1180 600 benignos

157 601 281 667 fuisse?
317 600 420 667 Nulla
443 606 493 667 est
517 601 636 667 caritas
658 601 820 666 naturalis
843 601 929 666 inter
947 601 1073 666 bonos?
1104 600 1179 668 Oa·

158 713 240 756 rum
261 690 371 776 ipsum
393 690 529 755 verbum
552 693 603 754 est
626 691 758 774 amoris,
782 711 820 754 ex
844 711 907 774 quo
931 690 1094 755 amicitiae
1117 712 1180 754 no-
1208 709 1226 750 s

158 801 233 845 men
261 783 312 844 est
340 778 486 862 ductum3
514 800 611 862 quam
640 777 669 843 si
691 778 734 843 ad
754 777 897 845 fructum
918 783 1070 845 nostrum
1092 778 1179 842 refe-

157 889 279 951 remus,
306 888 373 932 non
396 866 439 931 ad
456 865 546 930 illius
569 866 752 951 commoda,
775 888 872 951 quem
896 866 1083 953 diligemus,
1106 889 1179 932 non

119 954 128 969 '
158 955 220 1021 erit
248 955 314 1020 ista
336 953 495 1039 amicitia,
523 955 580 1020 sed
601 958 785 1020 mercatura
808 955 967 1039 quaedam
990 955 1179 1020 utilitatum

107 1072 110 1081 ·
159 1066 300 1110 suarum.
336 1043 437 1109 Prata
460 1048 494 1108 et
516 1066 595 1109 arva
618 1047 651 1108 et
673 1044 831 1128 pecudum
855 1065 972 1130 greges
991 1043 1179 1131 diliguntur

158 1134 223 1198 isto
252 1132 363 1217 modo,
394 1132 480 1216 quod
506 1132 632 1196 fructus
661 1154 700 1197 ex
722 1131 763 1196 iis
787 1134 973 1217 capiuntur,
1002 1132 1175 1198 hominum
1192 1151 1225 1192 ro
1312 1122 1313 1205 ι

159 1222 279 1286 caritas
303 1224 337 1286 et
360 1219 505 1285 amicitia
528 1221 674 1307 gratuita
697 1224 756 1285 est.
792 1219 922 1296 Quanto
945 1220 1048 1307 igitur
1065 1221 1176 1307 magis
1312 1214 1313 1229 ¹

160 1310 306 1393 deorum,
339 1310 395 1394 qui
423 1309 515 1374 nulla
537 1330 573 1374 re
596 1331 613 1374 e
638 1313 729 1374 entes
753 1313 787 1374 et
808 1309 894 1374 inter
916 1331 951 1375 se
975 1309 1117 1396 diligunt
1138 1313 1177 1374 et

158 1398 346 1464 hominibus
375 1398 564 1465 consulunt!
610 1331 693 1473 duid
720 1397 755 1462 ni
782 1398 830 1462 ita
857 1397 913 1482 sit,
941 1398 1019 1482 qnid
1041 1420 1176 1463 venera-

158 1508 245 1571 mur,
274 1487 351 1570 quid
375 1507 545 1572 precamur
568 1486 667 1551 deos?
699 1507 757 1551 cur
779 1485 879 1551 saeris
903 1487 1087 1572 pontifices,
1115 1508 1176 1552 cur

159 1575 312 1661 auspiciis
341 1596 481 1662 augures
509 1575 687 1660 praesunt?
716 1574 793 1659 quid
816 1578 875 1659 opt
876 1596 968 1639 amus
991 1596 1011 1640 a
1033 1575 1101 1639 deis
1124 1575 1174 1639 in-
1190 1594 1220 1634 ιι

158 1664 377 1730 mortalibus?
401 1663 478 1748 quid
500 1663 677 1729 vovemus?
723 1662 769 1728 At
754 1663 893 1728 tetiam
916 1663 1074 1728 libert
1023 1666 1074 1729 est
1095 1662 1174 1747 Epi·

103 1753 242 1819 1asouri
265 1753 304 1818 de
328 1752 511 1818 sanctitate.
547 1751 705 1817 Ludimur
727 1751 769 1816 ab
792 1750 923 1816 homine
945 1774 1012 1816 non
1034 1755 1104 1817 tam
1125 1751 1174 1816 fa·

159 1845 231 1907 ceto
256 1864 353 1926 quam
377 1841 418 1905 ad
441 1839 602 1905 scribendi
625 1839 734 1905 licent
725 1862 791 1904 1am
815 1841 927 1906 libero.
972 1839 1061 1915 Quae
1084 1840 1174 1906 enim

158 1934 269 2016 potest
288 1951 359 1994 esse
378 1929 546 2012 sanctitas,
565 1929 593 1993 si
612 1928 662 1993 dei
681 1928 864 1993 humanan
841 1951 909 1992 nn
927 1931 1065 1995 curant?
1089 1945 1173 2013 quae

159 2022 269 2113 autem
293 2017 441 2082 animans
463 2038 507 2081 na
509 2016 686 2087 turanilril
702 2038 825 2101 curans
864 2016 982 2082 Verius
1001 2021 1053 2083 est
1069 2018 1174 2104 igitur
1187 2037 1219 2078 so

5 2110 98 2201 qs,
158 2106 313 2171 nimirum
312 2094 439 2187 illud
465 2105 551 2188 quod
576 2105 749 2170 familiaris
773 2106 918 2171 omnium
940 2110 1090 2171 nostrum
1111 2105 1174 2171 Po·
1266 2148 1270 2151 Α

11 2272 14 2279 .
45 2116 163 2358 ζ
159 2195 304 2260 s1don1us
333 2155 523 2257 disseruit
472 2196 548 2257 t1n
575 2194 660 2259 libro
689 2198 803 2279 quinto
847 2198 1007 2260 enatura
1029 2194 1174 2280 deorum,

157 2283 268 2348 nullos
300 2303 370 2346 esse
401 2282 477 2347 deos
500 2280 642 2367 Epicuro
669 2282 785 2366 videri,
816 2304 962 2367 quaeque
987 2283 1016 2348 is
1041 2283 1079 2349 de
1102 2284 1173 2348 deis

158 2370 391 2436 inmortalibus
424 2370 553 2455 dixerit,
585 2370 725 2435 invidiae
753 2371 807 2436 det
793 2375 859 2436 ttes
845 2372 962 2436 tandae
990 2373 1099 2458 gratia
1127 2372 1173 2436 di·

121 2468 140 2543 ἱχ
158 2460 258 2524 xisse..
298 2457 413 2543 Neque
436 2459 524 2524 enim
548 2463 616 2523 tam
640 2458 800 2544 desipiens
823 2460 954 2545 fuisset
976 2464 1014 2526 ut
1035 2460 1172 2526 homun-
1186 2479 1215 2520 ιι

140 2540 237 2614 χιιιιῖ
248 2547 389 2612 similem
412 2547 508 2613 deum
530 2548 682 2633 fingeret,
705 2547 885 2613 liniament
860 2552 904 2613 ιιι
927 2511 1019 2614 dumt
1006 2553 1097 2614 ιιιιι
1120 2571 1172 2615 ex·

157 2636 281 2721 tremis,
305 2657 372 2702 non
390 2636 507 2702 habitu
526 2635 640 2718 solido,
662 2635 817 2701 membris
831 2636 973 2702 hominis
987 2638 1115 2722 praedit
1115 2661 1171 2703 um

159 2725 321 2810 omnibus,
342 2745 404 2790 usu
427 2724 648 2789 membrorum
670 2745 711 2788 ne
734 2724 869 2790 minimo
893 2726 1031 2811 quidem,
1055 2727 1172 2792 exilem

159 2814 364 2898 quendama
344 2817 442 2898 atque
460 2812 671 2896 perlucidum,
692 2813 775 2877 nihil
795 2813 946 2898 cuiquam
964 2816 1171 2900 tribuentem,
1312 2872 1313 2905 p

158 2901 241 2967 nihil
261 2901 510 2990 gratificantem,
533 2900 664 2966 omnino
683 2901 766 2966 nihil
780 2904 1061 2989 curantem‚nihil
1076 2925 1172 2990 agen·
1185 2922 1213 2965 aa
1312 2960 1313 2965 ,

158 2993 235 3056 tem
282 2988 370 3066 Quae
396 2993 516 3054 natura
543 2990 685 3074 primum
711 2990 805 3056 nulla
831 3012 902 3056 esse
924 2996 983 3077 pot
985 2996 1034 3056 est
1038 2993 1172 3077 idque

159 3079 272 3145 videns
306 3077 468 3179 Epicurus
505 3099 539 3142 re
572 3079 676 3163 tollit,
710 3080 858 3145 oratione
893 3081 1050 3164 relinquit
1082 3081 1173 3166 deos3

110 3180 160 3230 ιιι
174 3166 344 3249 deinde,
318 3187 346 3231 ιι
365 3166 537 3232 maximat
524 3167 601 3231 talis
620 3170 671 3231 est
685 3166 771 3251 deus
790 3169 932 3234 utnulla
946 3169 1063 3256 gratia,
1080 3170 1173 3235 nulla

160 3255 329 3321 hominum
357 3255 495 3320 caritate
517 3258 681 3339 tsneatur
708 3256 831 3340 valeat;
858 3257 936 3340 quid
959 3258 1045 3322 enim
1068 3258 1172 3323 dicam

157 3341 336 3443 propitius
366 3342 448 3408 sit'?
493 3342 575 3408 Esse
604 3345 691 3408 enim
717 3344 878 3428 propitius
905 3350 1016 3430 potest
1041 3347 1171 3432 nemini,
1185 3363 1209 3406 ιι

157 3429 320 3515 quoniam,
343 3434 380 3496 ut
403 3431 523 3516 dicitis,
546 3433 652 3497 omnis
676 3433 711 3496 in
732 3432 892 3497 inbecillit
878 3437 947 3498 tate
970 3437 1021 3498 est
1044 3438 1076 3498 et
1099 3455 1171 3521 gra-

156 3519 205 3584 tia
227 3522 261 3584 et
283 3519 411 3585 caritas.
