2654 3912
408 229 475 284 Lm.
494 230 528 285 11.
549 228 625 284 CAP.
646 235 759 284 15-17.
778 235 794 294 a
811 233 925 284 as-m.
1106 227 1172 294 421

231 373 398 461 Sacrilego
421 395 526 458 poena
549 376 608 457 est,
629 394 735 457 nequo
755 373 785 437 ei
804 371 876 455 soli,
899 372 955 456 qui
973 391 1102 436 sacrum
1120 371 1174 436 ab·
1199 408 1201 415 ι

165 464 309 548 stulerit,
333 461 511 528 sedetiam
534 461 574 545 ei,
597 462 653 544 qui
675 482 767 527 sacro
791 459 1065 542 commendatum
1088 460 1174 543 quod
1192 473 1225 521 41
1319 508 1320 547 3

165 556 199 616 et
225 573 310 616 nunc
337 551 450 616 multis
478 550 516 613 fit
541 550 576 613 in
602 550 703 634 fanis,
734 555 765 614 et
789 549 973 614 Alexander
998 549 1033 613 in
1061 547 1175 614 Cilicia
1319 550 1320 553 ’

166 640 352 726 deposuisse
375 637 462 724 apud
481 635 625 703 Solensis
648 639 684 703 in
707 636 841 703 delubro
864 637 1035 722 pecuniam
1058 637 1176 702 dicitur

137 734 199 795 set
224 728 434 793 Atheniensis
458 724 642 791 Clisthenes
664 725 783 792 Iunoni
810 722 952 810 Samiae,
979 725 1059 791 civis
1087 746 1175 812 egre·

165 819 248 904 gius,
267 839 366 902 quom
384 816 482 881 rebus
495 815 627 880 timeret
641 817 718 899 suis,
735 815 879 880 filiarum
893 814 979 879 dotis
993 813 1175 879 credidisse.

231 905 303 971 lam
326 905 368 969 de
382 904 542 990 periuriis,
566 904 605 968 de
622 905 747 969 incesto
764 904 848 968 nihil
868 925 947 969 sane
963 903 1027 969 hoc
1046 903 1175 989 quidem

165 996 237 1061 loco
261 992 492 1079 disputandum
515 995 574 1057 cst,

231 1083 335 1148 Donis
367 1080 461 1167 impii
488 1102 530 1146 ne
557 1081 686 1166 placare
714 1081 854 1147 audeant
881 1080 973 1164 deos,
1003 1079 1175 1147 Platonem

125 1191 151 1230 10
165 1170 308 1253 audiant,
327 1171 383 1255 qui
401 1174 492 1234 vetat
510 1169 669 1254 dubitare,
688 1170 810 1255 quasit
824 1175 931 1235 mente
943 1162 1074 1236 ftuurus
1088 1164 1176 1253 dem,

165 1282 264 1346 quom
286 1260 338 1324 vir
359 1280 454 1323 nemo
477 1259 582 1323 bonus
606 1258 647 1323 ab
671 1259 810 1343 inprobo
833 1280 868 1324 se
892 1258 1006 1324 donari
1028 1259 1117 1323 velit.

231 1347 479 1433 †Diligentiam
502 1351 654 1412 votorum
678 1348 759 1412 satis
781 1348 817 1412 in
835 1348 908 1434 lege
928 1347 1119 1413 dictumest
1138 1368 1175 1412 ac

165 1438 251 1503 votis
271 1436 412 1522 sponsio,
431 1458 496 1519 qua
514 1436 700 1522 obligamur
718 1437 786 1501 deo.
818 1434 929 1501 Poena
941 1457 1019 1501 vero
1033 1435 1174 1501 violatae

165 1526 333 1611 religionis
360 1525 481 1589 iustam
508 1524 746 1590 recusationem
768 1524 965 1589 nonhabet.
1007 1521 1091 1600 Quid
1114 1545 1174 1610 ego

125 1631 152 1673 1⁶
165 1616 218 1680 hic
247 1614 478 1679 sceleratorum
504 1617 580 1678 utar
604 1613 783 1698 exemplis?
811 1633 949 1698 quorum
972 1611 1088 1698 plenae
1110 1617 1175 1678 tra·

166 1703 314 1786 goediae5
343 1723 425 1787 quae
452 1705 528 1766 ante
552 1702 663 1767 oculos
688 1706 777 1786 sunt,
804 1723 843 1767 ea
864 1702 974 1787 potius
998 1701 1175 1789 adtingam.

164 1791 240 1857 Etsi
261 1791 342 1855 haec
360 1791 625 1856 commemoratio
643 1813 758 1856 vereor
775 1812 816 1855 ne
835 1812 935 1876 supra
952 1791 1093 1856 hominis
1112 1790 1175 1856 for·

165 1884 280 1944 tunam
302 1900 373 1943 esse
396 1878 553 1961 videatur,
575 1883 695 1962 tamen,
718 1879 873 1964 quoniam
896 1901 1002 1944 sermo
1026 1880 1107 1944 mihi
1126 1884 1176 1944 est

131 1961 134 1967 ’
166 1969 252 2052 apud
278 1989 351 2051 vos,
372 1966 456 2031 nihil
483 1967 625 2031 reticebo
653 1968 825 2052 colamque
849 1968 919 2047 hoc,
943 1968 1029 2052 quod
1051 1968 1175 2053 loquar,

123 2075 153 2117 m
166 2057 228 2121 diis
257 2056 489 2121 inmortalibus
519 2059 650 2142 gratum
679 2056 788 2139 potius
816 2056 919 2122 videri
947 2078 1044 2140 quam
1067 2078 1175 2144 grave.

165 2145 283 2211 Omnia
309 2150 380 2210 tum
407 2144 609 2230 perditorum
636 2144 756 2210 civium
785 2146 905 2211 scelere
933 2145 1076 2211 discessu
1103 2123 1227 2211 meo1⁷

165 2235 361 2321 religionum
383 2234 456 2299 iura
478 2233 606 2318 polluta
629 2238 719 2317 sunt,
746 2235 856 2300 vexati
878 2235 983 2301 nostri
1005 2233 1106 2300 Lares
1128 2235 1176 2300 fa·
1193 2202 1227 2252 ‘²²
1319 2222 1320 2269 l

164 2324 318 2406 miliares‚
341 2324 376 2386 in
399 2343 511 2388 eorum
534 2323 664 2387 sedibus
684 2322 928 2389 exaedificatum
947 2324 1107 2409 templum
1124 2324 1176 2389 Li·

166 2413 299 2495 centiae,
317 2412 431 2496 pulsus
451 2434 471 2476 a
489 2411 632 2476 delubris
649 2411 689 2494 is,
710 2411 766 2496 qui
783 2412 843 2476 illa
861 2416 1021 2496 servarat3
1043 2413 1176 2479 circum·

126 2518 152 2558 is
166 2501 281 2585 spicite
305 2499 453 2564 celeriter
476 2500 584 2565 animo
609 2497 706 2584 (nihil
729 2500 814 2564 enim
838 2500 958 2566 attinet
980 2522 1176 2586 quemquam

165 2585 351 2672 nominari),
375 2588 431 2672 qui
454 2588 521 2652 sint
542 2610 651 2653 rerum
675 2588 781 2653 exitus
804 2589 976 2654 consecuti.
1017 2588 1096 2673 Noa,
1120 2591 1176 2675 qui

165 2677 259 2741 illam
288 2676 456 2741 custodem
483 2676 573 2740 urbis
602 2676 753 2741 omnibus
781 2677 901 2762 ereptis
928 2678 1051 2743 nostris
1079 2679 1175 2744 rebus

165 2788 202 2829 ac
225 2763 360 2850 perditis
383 2763 502 2830 violari
525 2764 566 2829 ab
589 2764 699 2850 impiis
718 2765 808 2849 passi
825 2786 891 2830 non
910 2786 1022 2831 sumus
1041 2788 1176 2852 eamque

165 2876 204 2918 ex
232 2857 348 2918 nostra
376 2851 472 2917 domo
502 2853 537 2916 in
566 2852 669 2937 ipsius
699 2854 804 2938 patris
832 2854 964 2919 domum
992 2854 1175 2941 detulimus,

125 2958 151 2999 ³0
164 2941 284 3007 iudicia
306 2944 447 3025 senatus,
469 2940 594 3024 Italiae,
618 2943 764 3027 gentium
785 2942 922 3028 denique
940 2944 1085 3009 omnium
1103 2967 1177 3011 con·

165 3033 313 3095 servatae
340 3029 467 3115 patriae
494 3028 660 3095 consecuti
687 3051 813 3114 sumus3
843 3053 907 3116 quo
931 3031 1009 3116 quid
1031 3033 1176 3101 accidere

163 3119 273 3204 potuit
295 3119 420 3183 homini
442 3118 664 3204 praeclarius?
690 3117 834 3195 Quorum
857 3119 978 3186 scelere
1000 3121 1175 3209 religiones

163 3212 235 3273 tum
257 3212 443 3294 prostratae
467 3207 679 3291 adflictaeque
702 3212 790 3292 sunt,
817 3210 938 3293 partim
962 3210 1090 3276 axillis
1114 3213 1175 3277 dis-

163 3297 261 3362 tracti
288 3318 326 3361 ac
354 3295 505 3379 dissipati
531 3296 652 3379 iacent,
679 3297 735 3382 qui
761 3319 838 3363 vero
866 3320 905 3364 ex
932 3299 973 3364 iis
1001 3297 1174 3366 ethorum

125 3403 150 3443 ss
164 3386 321 3450 scelerum
344 3384 507 3469 principes
529 3385 660 3450 fuerant
683 3388 716 3449 et
738 3391 867 3470 praeter
890 3392 1014 3453 ceteros
1032 3387 1068 3452 in
1086 3390 1175 3454 omni

164 3474 321 3559 religione
344 3474 439 3558 inpii,
470 3495 536 3538 non
559 3472 666 3538 solum
688 3474 825 3540 vita...
843 3476 977 3542 cruciati
999 3480 1098 3561 atque
1121 3477 1173 3543 de·

163 3562 289 3646 decore,
318 3584 431 3626 verum
459 3562 558 3626 etiam
582 3563 750 3646 sepultura
772 3568 806 3628 et
828 3563 924 3629 iustis
948 3566 1172 3650 exsequiarum
