<?xml version="1.0" encoding="UTF-8"?>
<!DOCTYPE html PUBLIC "-//W3C//DTD XHTML 1.0 Transitional//EN"
    "http://www.w3.org/TR/xhtml1/DTD/xhtml1-transitional.dtd">
<html xmlns="http://www.w3.org/1999/xhtml" xml:lang="en" lang="en">
 <head>
  <title>
</title>
<meta http-equiv="Content-Type" content="text/html;charset=utf-8" />
  <meta name='ocr-system' content='tesseract 3.04.00' />
  <meta name='ocr-capabilities' content='ocr_page ocr_carea ocr_par ocr_line ocrx_word'/>
</head>
<body>
  <div class='ocr_page' id='page_1' title='image "./mtulliiciceroni00salegoog_0153.png"; bbox 0 0 2652 3908; ppageno 0'>
   <div class='ocr_carea' id='block_1_1' title="bbox 145 215 856 286">
    <p class='ocr_par' dir='ltr' id='par_1_1' title="bbox 145 215 856 286">
     <span class='ocr_line' id='line_1_1' title="bbox 145 215 856 286; baseline -0.003 -14"><span class='ocrx_word' id='word_1_1' title='bbox 145 221 208 286; x_wconf 75' lang='lat'>100</span> <span class='ocrx_word' id='word_1_2' title='bbox 461 217 510 271; x_wconf 81' lang='lat' dir='ltr'>na</span> <span class='ocrx_word' id='word_1_3' title='bbox 527 216 681 272; x_wconf 74' lang='lat' dir='ltr'>urruns</span> <span class='ocrx_word' id='word_1_4' title='bbox 702 215 856 271; x_wconf 78' lang='lat' dir='ltr'>uuonan</span> 
     </span>
    </p>
   </div>
   <div class='ocr_carea' id='block_1_2' title="bbox 91 361 1237 3190">
    <p class='ocr_par' dir='ltr' id='par_1_2' title="bbox 91 361 1237 3190">
     <span class='ocr_line' id='line_1_2' title="bbox 141 361 1154 450; baseline -0.003 -19"><span class='ocrx_word' id='word_1_5' title='bbox 141 365 278 431; x_wconf 88' lang='lat' dir='ltr'>scientia</span> <span class='ocrx_word' id='word_1_6' title='bbox 306 363 510 450; x_wconf 90' lang='lat' dir='ltr'>intellegitur</span> <span class='ocrx_word' id='word_1_7' title='bbox 537 384 635 448; x_wconf 91' lang='lat' dir='ltr'>quam</span> <span class='ocrx_word' id='word_1_8' title='bbox 662 362 729 427; x_wconf 82' lang='lat' dir='ltr'>vim</span> <span class='ocrx_word' id='word_1_9' title='bbox 755 361 877 427; x_wconf 82' lang='lat' dir='ltr'>habeat</span> <span class='ocrx_word' id='word_1_10' title='bbox 904 362 1072 448; x_wconf 82' lang='lat' dir='ltr'>qualisque</span> <span class='ocrx_word' id='word_1_11' title='bbox 1099 363 1154 447; x_wconf 88' lang='lat' dir='ltr'>sit,</span> 
     </span>
     <span class='ocr_line' id='line_1_3' title="bbox 142 450 1154 539; baseline -0.002 -20"><span class='ocrx_word' id='word_1_12' title='bbox 142 476 206 539; x_wconf 92' lang='lat' dir='ltr'>qua</span> <span class='ocrx_word' id='word_1_13' title='bbox 241 474 282 518; x_wconf 91' lang='lat' dir='ltr'>ne</span> <span class='ocrx_word' id='word_1_14' title='bbox 317 453 351 517; x_wconf 92' lang='lat' dir='ltr'>in</span> <span class='ocrx_word' id='word_1_15' title='bbox 387 451 447 516; x_wconf 89' lang='lat' dir='ltr'>deo</span> <span class='ocrx_word' id='word_1_16' title='bbox 485 450 613 535; x_wconf 93' lang='lat' dir='ltr'>quidem</span> <span class='ocrx_word' id='word_1_17' title='bbox 650 454 700 515; x_wconf 85' lang='lat' dir='ltr'>est</span> <span class='ocrx_word' id='word_1_18' title='bbox 736 472 787 516; x_wconf 90' lang='lat' dir='ltr'>res</span> <span class='ocrx_word' id='word_1_19' title='bbox 819 451 889 515; x_wconf 90' lang='lat' dir='ltr'>ulla</span> <span class='ocrx_word' id='word_1_20' title='bbox 920 453 1154 536; x_wconf 78' lang='lat' dir='ltr'>praestantior.</span> 
     </span>
     <span class='ocr_line' id='line_1_4' title="bbox 141 537 1155 624; baseline -0.002 -17"><span class='ocrx_word' id='word_1_21' title='bbox 141 541 270 618; x_wconf 81' lang='lat' dir='ltr'>Quanta</span> <span class='ocrx_word' id='word_1_22' title='bbox 291 562 369 606; x_wconf 84' lang='lat' dir='ltr'>vero</span> <span class='ocrx_word' id='word_1_23' title='bbox 391 540 451 605; x_wconf 84' lang='lat' dir='ltr'>ills</span> <span class='ocrx_word' id='word_1_24' title='bbox 473 542 559 624; x_wconf 85' lang='lat' dir='ltr'>sunt,</span> <span class='ocrx_word' id='word_1_25' title='bbox 582 560 665 624; x_wconf 83' lang='lat' dir='ltr'>quac</span> <span class='ocrx_word' id='word_1_26' title='bbox 678 559 746 605; x_wconf 70' lang='lat' dir='ltr'>uos</span> <span class='ocrx_word' id='word_1_27' title='bbox 766 537 954 604; x_wconf 74' lang='lat' dir='ltr'><strong>Academici</strong></span> <span class='ocrx_word' id='word_1_28' title='bbox 975 540 1155 605; x_wconf 84' lang='lat' dir='ltr'>infirmatis</span> 
     </span>
     <span class='ocr_line' id='line_1_5' title="bbox 141 627 1155 714; baseline -0.003 -18"><span class='ocrx_word' id='word_1_29' title='bbox 141 628 329 714; x_wconf 83' lang='lat' dir='ltr'>attollitis,</span> <span class='ocrx_word' id='word_1_30' title='bbox 351 627 439 713; x_wconf 92' lang='lat' dir='ltr'>quod</span> <span class='ocrx_word' id='word_1_31' title='bbox 461 631 495 692; x_wconf 90' lang='lat' dir='ltr'>et</span> <span class='ocrx_word' id='word_1_32' title='bbox 517 627 669 692; x_wconf 81' lang='lat' dir='ltr'>sensibus</span> <span class='ocrx_word' id='word_1_33' title='bbox 688 630 722 692; x_wconf 87' lang='lat' dir='ltr'>et</span> <span class='ocrx_word' id='word_1_34' title='bbox 745 628 854 693; x_wconf 88' lang='lat' dir='ltr'>animo</span> <span class='ocrx_word' id='word_1_35' title='bbox 877 648 929 712; x_wconf 87' lang='lat' dir='ltr'>ea,</span> <span class='ocrx_word' id='word_1_36' title='bbox 952 649 1037 713; x_wconf 83' lang='lat' dir='ltr'>quac</span> <span class='ocrx_word' id='word_1_37' title='bbox 1059 632 1155 694; x_wconf 83' lang='lat' dir='ltr'>extra</span> 
     </span>
     <span class='ocr_line' id='line_1_6' title="bbox 91 715 1200 803; baseline -0.005 -21"><span class='ocrx_word' id='word_1_38' title='bbox 91 733 140 782; x_wconf 83' lang='lat'>148</span> <span class='ocrx_word' id='word_1_39' title='bbox 155 721 246 802; x_wconf 90' lang='lat' dir='ltr'>sunt,</span> <span class='ocrx_word' id='word_1_40' title='bbox 287 717 483 803; x_wconf 79' lang='lat' dir='ltr'>percipimus</span> <span class='ocrx_word' id='word_1_41' title='bbox 520 719 618 801; x_wconf 85' lang='lat' dir='ltr'>atque</span> <span class='ocrx_word' id='word_1_42' title='bbox 654 715 917 801; x_wconf 82' lang='lat' dir='ltr'>conprendimus!</span> <span class='ocrx_word' id='word_1_43' title='bbox 958 737 998 781; x_wconf 85' lang='lat' dir='ltr'>ex</span> <span class='ocrx_word' id='word_1_44' title='bbox 1033 717 1155 801; x_wconf 88' lang='lat' dir='ltr'>quibus</span> <span class='ocrx_word' id='word_1_45' title='bbox 1183 737 1200 776; x_wconf 79' lang='lat' dir='ltr'>a</span> 
     </span>
     <span class='ocr_line' id='line_1_7' title="bbox 140 803 1154 906; baseline -0.003 -33"><span class='ocrx_word' id='word_1_46' title='bbox 140 805 279 874; x_wconf 90' lang='lat' dir='ltr'>conlatis</span> <span class='ocrx_word' id='word_1_47' title='bbox 301 806 387 871; x_wconf 86' lang='lat' dir='ltr'>inter</span> <span class='ocrx_word' id='word_1_48' title='bbox 409 825 444 869; x_wconf 91' lang='lat' dir='ltr'>se</span> <span class='ocrx_word' id='word_1_49' title='bbox 466 807 501 906; x_wconf 85' lang='lat' dir='ltr'>et</span> <span class='ocrx_word' id='word_1_50' title='bbox 522 803 707 889; x_wconf 79' lang='lat' dir='ltr'>conparatis</span> <span class='ocrx_word' id='word_1_51' title='bbox 731 808 819 868; x_wconf 90' lang='lat' dir='ltr'>artes</span> <span class='ocrx_word' id='word_1_52' title='bbox 842 825 971 906; x_wconf 87' lang='lat' dir='ltr'>quoque</span> <span class='ocrx_word' id='word_1_53' title='bbox 992 804 1154 870; x_wconf 88' lang='lat' dir='ltr'>efficimus</span> 
     </span>
     <span class='ocr_line' id='line_1_8' title="bbox 140 891 1156 1066; baseline 0.006 -15"><span class='ocrx_word' id='word_1_54' title='bbox 140 900 261 1050; x_wconf 62' lang='lat' dir='ltr'>iffi*</span> <span class='ocrx_word' id='word_1_55' title='bbox 284 891 756 1064; x_wconf 58' lang='lat' dir='ltr'>litttlltcttltd</span> <span class='ocrx_word' id='word_1_56' title='bbox 773 892 1026 1046; x_wconf 63' lang='lat' dir='ltr'>tltltlltt</span> <span class='ocrx_word' id='word_1_57' title='bbox 1038 915 1156 1066; x_wconf 62' lang='lat' dir='ltr'>itt-{3</span> 
     </span>
     <span class='ocr_line' id='line_1_9' title="bbox 140 1068 1154 1156; baseline 0 -20"><span class='ocrx_word' id='word_1_58' title='bbox 140 1071 312 1156; x_wconf 90' lang='lat' dir='ltr'>eloquendi</span> <span class='ocrx_word' id='word_1_59' title='bbox 342 1069 406 1153; x_wconf 84' lang='lat' dir='ltr'>vis,</span> <span class='ocrx_word' id='word_1_60' title='bbox 437 1091 536 1154; x_wconf 91' lang='lat' dir='ltr'>quam</span> <span class='ocrx_word' id='word_1_61' title='bbox 568 1073 618 1134; x_wconf 89' lang='lat' dir='ltr'>est</span> <span class='ocrx_word' id='word_1_62' title='bbox 648 1068 816 1155; x_wconf 84' lang='lat' dir='ltr'>praeclara</span> <span class='ocrx_word' id='word_1_63' title='bbox 839 1090 1001 1154; x_wconf 83' lang='lat' dir='ltr'>quamque</span> <span class='ocrx_word' id='word_1_64' title='bbox 1029 1070 1154 1136; x_wconf 81' lang='lat' dir='ltr'>divina!</span> 
     </span>
     <span class='ocr_line' id='line_1_10' title="bbox 140 1157 1200 1247; baseline -0.009 -21"><span class='ocrx_word' id='word_1_65' title='bbox 140 1182 222 1247; x_wconf 89' lang='lat' dir='ltr'>quae</span> <span class='ocrx_word' id='word_1_66' title='bbox 241 1160 381 1245; x_wconf 90' lang='lat' dir='ltr'>primum</span> <span class='ocrx_word' id='word_1_67' title='bbox 399 1157 509 1242; x_wconf 86' lang='lat' dir='ltr'>efficit,</span> <span class='ocrx_word' id='word_1_68' title='bbox 530 1161 569 1224; x_wconf 89' lang='lat' dir='ltr'>ut</span> <span class='ocrx_word' id='word_1_69' title='bbox 587 1160 620 1223; x_wconf 82' lang='lat' dir='ltr'>et</span> <span class='ocrx_word' id='word_1_70' title='bbox 639 1179 686 1241; x_wconf 86' lang='lat' dir='ltr'>es,</span> <span class='ocrx_word' id='word_1_71' title='bbox 709 1179 792 1242; x_wconf 91' lang='lat' dir='ltr'>quae</span> <span class='ocrx_word' id='word_1_72' title='bbox 809 1158 1010 1244; x_wconf 79' lang='lat' dir='ltr'>ignoramus,</span> <span class='ocrx_word' id='word_1_73' title='bbox 1028 1159 1154 1224; x_wconf 81' lang='lat' dir='ltr'>discere</span> <span class='ocrx_word' id='word_1_74' title='bbox 1170 1179 1200 1217; x_wconf 85' lang='lat'>10</span> 
     </span>
     <span class='ocr_line' id='line_1_11' title="bbox 141 1245 1154 1332; baseline -0.004 -17"><span class='ocrx_word' id='word_1_75' title='bbox 141 1254 175 1316; x_wconf 87' lang='lat' dir='ltr'>ct</span> <span class='ocrx_word' id='word_1_76' title='bbox 207 1270 257 1332; x_wconf 88' lang='lat' dir='ltr'>ea,</span> <span class='ocrx_word' id='word_1_77' title='bbox 289 1268 372 1332; x_wconf 86' lang='lat' dir='ltr'>quae</span> <span class='ocrx_word' id='word_1_78' title='bbox 403 1247 535 1330; x_wconf 89' lang='lat' dir='ltr'>scimus,</span> <span class='ocrx_word' id='word_1_79' title='bbox 567 1245 650 1311; x_wconf 92' lang='lat' dir='ltr'>alios</span> <span class='ocrx_word' id='word_1_80' title='bbox 682 1245 796 1312; x_wconf 87' lang='lat' dir='ltr'>docere</span> <span class='ocrx_word' id='word_1_81' title='bbox 824 1246 1002 1331; x_wconf 74' lang='lat' dir='ltr'>possimus,</span> <span class='ocrx_word' id='word_1_82' title='bbox 1038 1246 1154 1312; x_wconf 86' lang='lat' dir='ltr'>deinde</span> 
     </span>
     <span class='ocr_line' id='line_1_12' title="bbox 140 1333 1154 1419; baseline -0.004 -15"><span class='ocrx_word' id='word_1_83' title='bbox 140 1338 202 1404; x_wconf 89' lang='lat' dir='ltr'>hac</span> <span class='ocrx_word' id='word_1_84' title='bbox 233 1335 455 1418; x_wconf 89' lang='lat' dir='ltr'>cohortamur,</span> <span class='ocrx_word' id='word_1_85' title='bbox 484 1335 545 1399; x_wconf 92' lang='lat' dir='ltr'>hac</span> <span class='ocrx_word' id='word_1_86' title='bbox 576 1334 821 1419; x_wconf 77' lang='lat' dir='ltr'>persuademus,</span> <span class='ocrx_word' id='word_1_87' title='bbox 852 1333 915 1399; x_wconf 87' lang='lat' dir='ltr'>hac</span> <span class='ocrx_word' id='word_1_88' title='bbox 945 1335 1154 1400; x_wconf 88' lang='lat' dir='ltr'>consolamur</span> 
     </span>
     <span class='ocr_line' id='line_1_13' title="bbox 142 1422 1154 1510; baseline -0.003 -19"><span class='ocrx_word' id='word_1_89' title='bbox 142 1426 291 1509; x_wconf 88' lang='lat' dir='ltr'>afflictos,</span> <span class='ocrx_word' id='word_1_90' title='bbox 312 1424 374 1489; x_wconf 86' lang='lat' dir='ltr'>hae</span> <span class='ocrx_word' id='word_1_91' title='bbox 396 1423 581 1488; x_wconf 86' lang='lat' dir='ltr'>deducimus</span> <span class='ocrx_word' id='word_1_92' title='bbox 604 1422 795 1508; x_wconf 90' lang='lat' dir='ltr'>perterritos</span> <span class='ocrx_word' id='word_1_93' title='bbox 819 1445 839 1487; x_wconf 91' lang='lat' dir='ltr'>a</span> <span class='ocrx_word' id='word_1_94' title='bbox 860 1422 988 1507; x_wconf 90' lang='lat' dir='ltr'>timore,</span> <span class='ocrx_word' id='word_1_95' title='bbox 1013 1422 1076 1489; x_wconf 88' lang='lat' dir='ltr'>hae</span> <span class='ocrx_word' id='word_1_96' title='bbox 1099 1445 1154 1510; x_wconf 83' lang='lat' dir='ltr'>ge</span> 
     </span>
     <span class='ocr_line' id='line_1_14' title="bbox 141 1511 1154 1597; baseline -0.004 -16"><span class='ocrx_word' id='word_1_97' title='bbox 141 1515 277 1581; x_wconf 87' lang='lat' dir='ltr'>stientes</span> <span class='ocrx_word' id='word_1_98' title='bbox 308 1512 553 1596; x_wconf 85' lang='lat' dir='ltr'>conprimimus,</span> <span class='ocrx_word' id='word_1_99' title='bbox 584 1511 646 1576; x_wconf 85' lang='lat' dir='ltr'>hac</span> <span class='ocrx_word' id='word_1_100' title='bbox 679 1511 873 1597; x_wconf 90' lang='lat' dir='ltr'>cupiditates</span> <span class='ocrx_word' id='word_1_101' title='bbox 905 1511 1154 1596; x_wconf 84' lang='lat' dir='ltr'>iracundiasque</span> 
     </span>
     <span class='ocr_line' id='line_1_15' title="bbox 140 1599 1198 1690; baseline -0.004 -21"><span class='ocrx_word' id='word_1_102' title='bbox 140 1602 380 1690; x_wconf 81' lang='lat' dir='ltr'>restinguimus,</span> <span class='ocrx_word' id='word_1_103' title='bbox 402 1599 483 1665; x_wconf 92' lang='lat' dir='ltr'>haec</span> <span class='ocrx_word' id='word_1_104' title='bbox 504 1620 565 1665; x_wconf 91' lang='lat' dir='ltr'>nos</span> <span class='ocrx_word' id='word_1_105' title='bbox 587 1599 677 1683; x_wconf 89' lang='lat' dir='ltr'>iuris,</span> <span class='ocrx_word' id='word_1_106' title='bbox 699 1599 819 1686; x_wconf 89' lang='lat' dir='ltr'>legum,</span> <span class='ocrx_word' id='word_1_107' title='bbox 842 1599 972 1665; x_wconf 88' lang='lat' dir='ltr'>urbium</span> <span class='ocrx_word' id='word_1_108' title='bbox 995 1601 1153 1666; x_wconf 88' lang='lat' dir='ltr'>societate</span> <span class='ocrx_word' id='word_1_109' title='bbox 1170 1620 1198 1659; x_wconf 85' lang='lat'>1⁵</span> 
     </span>
     <span class='ocr_line' id='line_1_16' title="bbox 91 1687 1154 1775; baseline -0.001 -19"><span class='ocrx_word' id='word_1_110' title='bbox 91 1707 140 1757; x_wconf 76' lang='lat'>149</span> <span class='ocrx_word' id='word_1_111' title='bbox 155 1689 306 1774; x_wconf 84' lang='lat' dir='ltr'>devinxit,</span> <span class='ocrx_word' id='word_1_112' title='bbox 328 1689 409 1755; x_wconf 86' lang='lat' dir='ltr'>haec</span> <span class='ocrx_word' id='word_1_113' title='bbox 431 1710 451 1752; x_wconf 90' lang='lat' dir='ltr'>a</span> <span class='ocrx_word' id='word_1_114' title='bbox 473 1688 543 1753; x_wconf 85' lang='lat' dir='ltr'>vita</span> <span class='ocrx_word' id='word_1_115' title='bbox 563 1687 687 1753; x_wconf 90' lang='lat' dir='ltr'>inmani</span> <span class='ocrx_word' id='word_1_116' title='bbox 710 1691 743 1753; x_wconf 86' lang='lat' dir='ltr'>et</span> <span class='ocrx_word' id='word_1_117' title='bbox 765 1688 835 1753; x_wconf 83' lang='lat' dir='ltr'>fera</span> <span class='ocrx_word' id='word_1_118' title='bbox 857 1689 1053 1775; x_wconf 84' lang='lat' dir='ltr'>segregavit.</span> <span class='ocrx_word' id='word_1_119' title='bbox 1099 1689 1154 1755; x_wconf 87' lang='lat' dir='ltr'>Ad</span> 
     </span>
     <span class='ocr_line' id='line_1_17' title="bbox 142 1775 1154 1864; baseline -0.004 -18"><span class='ocrx_word' id='word_1_120' title='bbox 142 1802 237 1846; x_wconf 90' lang='lat' dir='ltr'>nsum</span> <span class='ocrx_word' id='word_1_121' title='bbox 267 1781 377 1844; x_wconf 85' lang='lat' dir='ltr'>autem</span> <span class='ocrx_word' id='word_1_122' title='bbox 409 1777 567 1843; x_wconf 87' lang='lat' dir='ltr'>orationis</span> <span class='ocrx_word' id='word_1_123' title='bbox 598 1775 787 1841; x_wconf 87' lang='lat' dir='ltr'>incredibile</span> <span class='ocrx_word' id='word_1_124' title='bbox 819 1780 883 1860; x_wconf 91' lang='lat' dir='ltr'>est,</span> <span class='ocrx_word' id='word_1_125' title='bbox 916 1777 945 1841; x_wconf 88' lang='lat' dir='ltr'>si</span> <span class='ocrx_word' id='word_1_126' title='bbox 978 1777 1154 1864; x_wconf 85' lang='lat' dir='ltr'>diligenter</span> 
     </span>
     <span class='ocr_line' id='line_1_18' title="bbox 142 1864 1154 1950; baseline -0.004 -15"><span class='ocrx_word' id='word_1_127' title='bbox 142 1867 332 1950; x_wconf 88' lang='lat' dir='ltr'>attenderis,</span> <span class='ocrx_word' id='word_1_128' title='bbox 360 1869 483 1950; x_wconf 89' lang='lat' dir='ltr'>quanta</span> <span class='ocrx_word' id='word_1_129' title='bbox 510 1886 609 1950; x_wconf 89' lang='lat' dir='ltr'>opera</span> <span class='ocrx_word' id='word_1_130' title='bbox 636 1864 823 1930; x_wconf 90' lang='lat' dir='ltr'>machinata</span> <span class='ocrx_word' id='word_1_131' title='bbox 844 1869 963 1930; x_wconf 89' lang='lat' dir='ltr'>natura</span> <span class='ocrx_word' id='word_1_132' title='bbox 986 1867 1038 1931; x_wconf 90' lang='lat' dir='ltr'>sit.</span> <span class='ocrx_word' id='word_1_133' title='bbox 1083 1866 1154 1931; x_wconf 90' lang='lat' dir='ltr'>Pri·</span> 
     </span>
     <span class='ocr_line' id='line_1_19' title="bbox 142 1953 1154 2040; baseline -0.003 -17"><span class='ocrx_word' id='word_1_134' title='bbox 142 1978 231 2023; x_wconf 91' lang='lat' dir='ltr'>mum</span> <span class='ocrx_word' id='word_1_135' title='bbox 254 1955 339 2020; x_wconf 92' lang='lat' dir='ltr'>enim</span> <span class='ocrx_word' id='word_1_136' title='bbox 362 1976 382 2019; x_wconf 91' lang='lat' dir='ltr'>a</span> <span class='ocrx_word' id='word_1_137' title='bbox 399 1953 609 2040; x_wconf 88' lang='lat' dir='ltr'>pulmonibus</span> <span class='ocrx_word' id='word_1_138' title='bbox 627 1954 748 2018; x_wconf 88' lang='lat' dir='ltr'>arteria</span> <span class='ocrx_word' id='word_1_139' title='bbox 764 1975 866 2039; x_wconf 86' lang='lat' dir='ltr'>usque</span> <span class='ocrx_word' id='word_1_140' title='bbox 885 1955 926 2019; x_wconf 92' lang='lat' dir='ltr'>ad</span> <span class='ocrx_word' id='word_1_141' title='bbox 945 1976 981 2020; x_wconf 89' lang='lat' dir='ltr'>os</span> <span class='ocrx_word' id='word_1_142' title='bbox 1000 1955 1154 2020; x_wconf 90' lang='lat' dir='ltr'>intimum</span> 
     </span>
     <span class='ocr_line' id='line_1_20' title="bbox 141 2042 1198 2132; baseline -0.009 -21"><span class='ocrx_word' id='word_1_143' title='bbox 141 2045 297 2132; x_wconf 89' lang='lat' dir='ltr'>pertinet,</span> <span class='ocrx_word' id='word_1_144' title='bbox 326 2064 384 2128; x_wconf 89' lang='lat' dir='ltr'>per</span> <span class='ocrx_word' id='word_1_145' title='bbox 415 2064 513 2127; x_wconf 87' lang='lat' dir='ltr'>quam</span> <span class='ocrx_word' id='word_1_146' title='bbox 541 2063 605 2108; x_wconf 82' lang='lat' dir='ltr'>vox</span> <span class='ocrx_word' id='word_1_147' title='bbox 631 2042 827 2127; x_wconf 88' lang='lat' dir='ltr'>principium</span> <span class='ocrx_word' id='word_1_148' title='bbox 849 2064 869 2107; x_wconf 91' lang='lat' dir='ltr'>a</span> <span class='ocrx_word' id='word_1_149' title='bbox 896 2047 1005 2108; x_wconf 88' lang='lat' dir='ltr'>mente</span> <span class='ocrx_word' id='word_1_150' title='bbox 1032 2042 1152 2109; x_wconf 90' lang='lat' dir='ltr'>ducens</span> <span class='ocrx_word' id='word_1_151' title='bbox 1168 2064 1198 2102; x_wconf 73' lang='lat' dir='ltr'>ro</span> 
     </span>
     <span class='ocr_line' id='line_1_21' title="bbox 142 2129 1153 2220; baseline -0.001 -22"><span class='ocrx_word' id='word_1_152' title='bbox 142 2132 320 2220; x_wconf 85' lang='lat' dir='ltr'>percipitur</span> <span class='ocrx_word' id='word_1_153' title='bbox 346 2134 380 2195; x_wconf 88' lang='lat' dir='ltr'>et</span> <span class='ocrx_word' id='word_1_154' title='bbox 405 2129 565 2215; x_wconf 82' lang='lat' dir='ltr'>funditur3</span> <span class='ocrx_word' id='word_1_155' title='bbox 593 2129 706 2195; x_wconf 90' lang='lat' dir='ltr'>deinde</span> <span class='ocrx_word' id='word_1_156' title='bbox 732 2131 767 2195; x_wconf 92' lang='lat' dir='ltr'>in</span> <span class='ocrx_word' id='word_1_157' title='bbox 794 2151 849 2195; x_wconf 92' lang='lat' dir='ltr'>ore</span> <span class='ocrx_word' id='word_1_158' title='bbox 876 2131 943 2196; x_wconf 89' lang='lat' dir='ltr'>sita</span> <span class='ocrx_word' id='word_1_159' title='bbox 964 2132 1078 2219; x_wconf 84' lang='lat' dir='ltr'>lingua</span> <span class='ocrx_word' id='word_1_160' title='bbox 1101 2137 1153 2197; x_wconf 91' lang='lat' dir='ltr'>est</span> 
     </span>
     <span class='ocr_line' id='line_1_22' title="bbox 142 2218 1153 2307; baseline -0.003 -19"><span class='ocrx_word' id='word_1_161' title='bbox 142 2222 237 2288; x_wconf 86' lang='lat' dir='ltr'>finita</span> <span class='ocrx_word' id='word_1_162' title='bbox 259 2218 423 2303; x_wconf 69' lang='lat' dir='ltr'>dentibus,</span> <span class='ocrx_word' id='word_1_163' title='bbox 447 2240 485 2284; x_wconf 93' lang='lat' dir='ltr'>ea</span> <span class='ocrx_word' id='word_1_164' title='bbox 507 2240 619 2284; x_wconf 83' lang='lat' dir='ltr'>vocem</span> <span class='ocrx_word' id='word_1_165' title='bbox 641 2219 841 2285; x_wconf 84' lang='lat' dir='ltr'>inmoderate</span> <span class='ocrx_word' id='word_1_166' title='bbox 864 2219 1031 2304; x_wconf 86' lang='lat' dir='ltr'>profusam</span> <span class='ocrx_word' id='word_1_167' title='bbox 1054 2220 1153 2307; x_wconf 90' lang='lat' dir='ltr'>fingit</span> 
     </span>
     <span class='ocr_line' id='line_1_23' title="bbox 143 2307 1165 2394; baseline 0 -19"><span class='ocrx_word' id='word_1_168' title='bbox 143 2315 176 2375; x_wconf 92' lang='lat' dir='ltr'>et</span> <span class='ocrx_word' id='word_1_169' title='bbox 204 2307 360 2374; x_wconf 89' lang='lat' dir='ltr'>terminat</span> <span class='ocrx_word' id='word_1_170' title='bbox 388 2310 486 2391; x_wconf 89' lang='lat' dir='ltr'>atque</span> <span class='ocrx_word' id='word_1_171' title='bbox 516 2328 613 2374; x_wconf 90' lang='lat' dir='ltr'>sonos</span> <span class='ocrx_word' id='word_1_172' title='bbox 642 2307 731 2372; x_wconf 81' lang='lat' dir='ltr'>vocis</span> <span class='ocrx_word' id='word_1_173' title='bbox 761 2307 931 2374; x_wconf 89' lang='lat' dir='ltr'>distinctos</span> <span class='ocrx_word' id='word_1_174' title='bbox 959 2312 993 2374; x_wconf 91' lang='lat' dir='ltr'>et</span> <span class='ocrx_word' id='word_1_175' title='bbox 1019 2318 1165 2394; x_wconf 85' lang='lat' dir='ltr'>pressos</span> 
     </span>
     <span class='ocr_line' id='line_1_24' title="bbox 143 2395 1151 2483; baseline -0.001 -20"><span class='ocrx_word' id='word_1_176' title='bbox 143 2397 252 2480; x_wconf 82' lang='lat' dir='ltr'>efficit,</span> <span class='ocrx_word' id='word_1_177' title='bbox 274 2418 348 2462; x_wconf 90' lang='lat' dir='ltr'>cum</span> <span class='ocrx_word' id='word_1_178' title='bbox 370 2399 403 2460; x_wconf 85' lang='lat' dir='ltr'>et</span> <span class='ocrx_word' id='word_1_179' title='bbox 426 2396 467 2461; x_wconf 89' lang='lat' dir='ltr'>ad</span> <span class='ocrx_word' id='word_1_180' title='bbox 490 2396 601 2461; x_wconf 90' lang='lat' dir='ltr'>dentes</span> <span class='ocrx_word' id='word_1_181' title='bbox 620 2395 712 2460; x_wconf 89' lang='lat' dir='ltr'>etad</span> <span class='ocrx_word' id='word_1_182' title='bbox 731 2395 813 2460; x_wconf 89' lang='lat' dir='ltr'>alias</span> <span class='ocrx_word' id='word_1_183' title='bbox 831 2400 941 2480; x_wconf 89' lang='lat' dir='ltr'>partes</span> <span class='ocrx_word' id='word_1_184' title='bbox 960 2397 1056 2483; x_wconf 90' lang='lat' dir='ltr'>pellit</span> <span class='ocrx_word' id='word_1_185' title='bbox 1074 2398 1151 2462; x_wconf 90' lang='lat' dir='ltr'>oris.</span> 
     </span>
     <span class='ocr_line' id='line_1_25' title="bbox 143 2483 1196 2572; baseline -0.008 -19"><span class='ocrx_word' id='word_1_186' title='bbox 143 2487 258 2572; x_wconf 84' lang='lat' dir='ltr'>Itaque</span> <span class='ocrx_word' id='word_1_187' title='bbox 285 2485 402 2570; x_wconf 90' lang='lat' dir='ltr'>plectri</span> <span class='ocrx_word' id='word_1_188' title='bbox 429 2485 569 2549; x_wconf 92' lang='lat' dir='ltr'>similem</span> <span class='ocrx_word' id='word_1_189' title='bbox 595 2483 742 2568; x_wconf 87' lang='lat' dir='ltr'>linguam</span> <span class='ocrx_word' id='word_1_190' title='bbox 768 2484 874 2549; x_wconf 91' lang='lat' dir='ltr'>nostri</span> <span class='ocrx_word' id='word_1_191' title='bbox 901 2486 1021 2551; x_wconf 86' lang='lat' dir='ltr'>solent</span> <span class='ocrx_word' id='word_1_192' title='bbox 1036 2485 1151 2570; x_wconf 90' lang='lat' dir='ltr'>dicere,</span> <span class='ocrx_word' id='word_1_193' title='bbox 1166 2505 1196 2546; x_wconf 78' lang='lat' dir='ltr'>aa</span> 
     </span>
     <span class='ocr_line' id='line_1_26' title="bbox 144 2572 1151 2658; baseline 0 -17"><span class='ocrx_word' id='word_1_194' title='bbox 144 2573 338 2642; x_wconf 86' lang='lat' dir='ltr'>chordarum</span> <span class='ocrx_word' id='word_1_195' title='bbox 364 2573 491 2656; x_wconf 85' lang='lat' dir='ltr'>dentes,</span> <span class='ocrx_word' id='word_1_196' title='bbox 519 2593 614 2637; x_wconf 89' lang='lat' dir='ltr'>nares</span> <span class='ocrx_word' id='word_1_197' title='bbox 637 2572 789 2637; x_wconf 88' lang='lat' dir='ltr'>cornibus</span> <span class='ocrx_word' id='word_1_198' title='bbox 811 2573 867 2656; x_wconf 89' lang='lat' dir='ltr'>iis,</span> <span class='ocrx_word' id='word_1_199' title='bbox 890 2573 946 2658; x_wconf 92' lang='lat' dir='ltr'>qui</span> <span class='ocrx_word' id='word_1_200' title='bbox 968 2573 1010 2640; x_wconf 85' lang='lat' dir='ltr'>ad</span> <span class='ocrx_word' id='word_1_201' title='bbox 1032 2596 1151 2641; x_wconf 88' lang='lat' dir='ltr'>nervos</span> 
     </span>
     <span class='ocr_line' id='line_1_27' title="bbox 92 2662 1152 2835; baseline 0.001 -20"><span class='ocrx_word' id='word_1_202' title='bbox 92 2662 540 2835; x_wconf 49' lang='lat' dir='ltr'>60res⁰3iiliinmveiirntilqiltlais</span> <span class='ocrx_word' id='word_1_203' title='bbox 568 2770 728 2835; x_wconf 91' lang='lat' dir='ltr'>quamque</span> <span class='ocrx_word' id='word_1_204' title='bbox 751 2750 927 2814; x_wconf 87' lang='lat' dir='ltr'>multarum</span> <span class='ocrx_word' id='word_1_205' title='bbox 950 2750 1070 2815; x_wconf 87' lang='lat' dir='ltr'>artium</span> <span class='ocrx_word' id='word_1_206' title='bbox 1094 2751 1152 2816; x_wconf 93' lang='lat' dir='ltr'>mi·</span> 
     </span>
     <span class='ocr_line' id='line_1_28' title="bbox 95 2809 1151 2925; baseline -0.001 -20"><span class='ocrx_word' id='word_1_207' title='bbox 95 2809 266 2905; x_wconf 74' lang='lat' dir='ltr'>¹⁶⁰nistras</span> <span class='ocrx_word' id='word_1_208' title='bbox 289 2859 403 2903; x_wconf 89' lang='lat' dir='ltr'>manus</span> <span class='ocrx_word' id='word_1_209' title='bbox 426 2841 543 2902; x_wconf 86' lang='lat' dir='ltr'>natura</span> <span class='ocrx_word' id='word_1_210' title='bbox 565 2835 690 2903; x_wconf 89' lang='lat' dir='ltr'>homini</span> <span class='ocrx_word' id='word_1_211' title='bbox 713 2838 813 2901; x_wconf 90' lang='lat' dir='ltr'>dedit!</span> <span class='ocrx_word' id='word_1_212' title='bbox 852 2837 1041 2925; x_wconf 91' lang='lat' dir='ltr'>Digitorum</span> <span class='ocrx_word' id='word_1_213' title='bbox 1064 2840 1151 2904; x_wconf 90' lang='lat' dir='ltr'>enim</span> 
     </span>
     <span class='ocr_line' id='line_1_29' title="bbox 144 2925 1237 3013; baseline -0.006 -19"><span class='ocrx_word' id='word_1_214' title='bbox 144 2928 323 2995; x_wconf 85' lang='lat' dir='ltr'>contractio</span> <span class='ocrx_word' id='word_1_215' title='bbox 353 2925 460 2991; x_wconf 86' lang='lat' dir='ltr'>facilis</span> <span class='ocrx_word' id='word_1_216' title='bbox 487 2925 656 3009; x_wconf 83' lang='lat' dir='ltr'>facilisque</span> <span class='ocrx_word' id='word_1_217' title='bbox 683 2926 844 3011; x_wconf 86' lang='lat' dir='ltr'>porrectio</span> <span class='ocrx_word' id='word_1_218' title='bbox 870 2931 1006 3013; x_wconf 90' lang='lat' dir='ltr'>propter</span> <span class='ocrx_word' id='word_1_219' title='bbox 1033 2928 1150 2994; x_wconf 89' lang='lat' dir='ltr'>molles</span> <span class='ocrx_word' id='word_1_220' title='bbox 1166 2947 1195 2987; x_wconf 82' lang='lat' dir='ltr'>co</span> <span class='ocrx_word' id='word_1_221' title='bbox 1223 2990 1237 3003; x_wconf 31' lang='grc' dir='ltr'><em>Α</em></span> 
     </span>
     <span class='ocr_line' id='line_1_30' title="bbox 145 3014 1151 3100; baseline -0.002 -17"><span class='ocrx_word' id='word_1_222' title='bbox 145 3016 373 3083; x_wconf 86' lang='lat' dir='ltr'>commissuras</span> <span class='ocrx_word' id='word_1_223' title='bbox 396 3017 430 3079; x_wconf 88' lang='lat' dir='ltr'>et</span> <span class='ocrx_word' id='word_1_224' title='bbox 453 3017 543 3078; x_wconf 89' lang='lat' dir='ltr'>artus</span> <span class='ocrx_word' id='word_1_225' title='bbox 565 3014 657 3080; x_wconf 91' lang='lat' dir='ltr'>nullo</span> <span class='ocrx_word' id='word_1_226' title='bbox 680 3015 715 3078; x_wconf 92' lang='lat' dir='ltr'>in</span> <span class='ocrx_word' id='word_1_227' title='bbox 737 3019 829 3080; x_wconf 91' lang='lat' dir='ltr'>motu</span> <span class='ocrx_word' id='word_1_228' title='bbox 851 3016 990 3081; x_wconf 88' lang='lat' dir='ltr'>laborat.</span> <span class='ocrx_word' id='word_1_229' title='bbox 1035 3014 1151 3100; x_wconf 88' lang='lat' dir='ltr'>Itaque</span> 
     </span>
     <span class='ocr_line' id='line_1_31' title="bbox 145 3101 1153 3190; baseline -0.002 -19"><span class='ocrx_word' id='word_1_230' title='bbox 145 3105 186 3172; x_wconf 94' lang='lat' dir='ltr'>ad</span> <span class='ocrx_word' id='word_1_231' title='bbox 208 3102 414 3190; x_wconf 90' lang='lat' dir='ltr'>pingendum,</span> <span class='ocrx_word' id='word_1_232' title='bbox 438 3101 478 3167; x_wconf 86' lang='lat' dir='ltr'>ad</span> <span class='ocrx_word' id='word_1_233' title='bbox 500 3101 697 3188; x_wconf 84' lang='lat' dir='ltr'>fingendum,</span> <span class='ocrx_word' id='word_1_234' title='bbox 720 3102 761 3168; x_wconf 87' lang='lat' dir='ltr'>ad</span> <span class='ocrx_word' id='word_1_235' title='bbox 779 3103 996 3189; x_wconf 86' lang='lat' dir='ltr'>scalpendum,</span> <span class='ocrx_word' id='word_1_236' title='bbox 1019 3103 1060 3169; x_wconf 86' lang='lat' dir='ltr'>ad</span> <span class='ocrx_word' id='word_1_237' title='bbox 1081 3126 1153 3169; x_wconf 63' lang='lat' dir='ltr'>ner*</span> 
     </span>
    </p>
   </div>
   <div class='ocr_carea' id='block_1_3' title="bbox 1324 1402 1327 1949">
    <p class='ocr_par' dir='ltr' id='par_1_3' title="bbox 1324 1402 1327 1949">
     <span class='ocr_line' id='line_1_32' title="bbox 1324 1402 1327 1949; baseline 0 0"><span class='ocrx_word' id='word_1_238' title='bbox 1324 1402 1327 1949; x_wconf 95' lang='lat' dir='ltr'> </span> 
     </span>
    </p>
   </div>
   <div class='ocr_carea' id='block_1_4' title="bbox 144 3189 1196 3632">
    <p class='ocr_par' dir='ltr' id='par_1_4' title="bbox 144 3189 1196 3632">
     <span class='ocr_line' id='line_1_33' title="bbox 144 3189 1153 3277; baseline -0.004 -16"><span class='ocrx_word' id='word_1_239' title='bbox 144 3215 259 3261; x_wconf 84' lang='lat' dir='ltr'>vorum</span> <span class='ocrx_word' id='word_1_240' title='bbox 286 3189 459 3256; x_wconf 90' lang='lat' dir='ltr'>eliciendos</span> <span class='ocrx_word' id='word_1_241' title='bbox 486 3211 584 3257; x_wconf 92' lang='lat' dir='ltr'>sonos</span> <span class='ocrx_word' id='word_1_242' title='bbox 611 3213 649 3256; x_wconf 91' lang='lat' dir='ltr'>ac</span> <span class='ocrx_word' id='word_1_243' title='bbox 675 3191 831 3256; x_wconf 89' lang='lat' dir='ltr'>tibiarum</span> <span class='ocrx_word' id='word_1_244' title='bbox 858 3198 936 3277; x_wconf 88' lang='lat' dir='ltr'>apta</span> <span class='ocrx_word' id='word_1_245' title='bbox 963 3214 1077 3258; x_wconf 90' lang='lat' dir='ltr'>manus</span> <span class='ocrx_word' id='word_1_246' title='bbox 1101 3197 1153 3258; x_wconf 88' lang='lat' dir='ltr'>est</span> 
     </span>
     <span class='ocr_line' id='line_1_34' title="bbox 145 3278 1153 3365; baseline -0.002 -17"><span class='ocrx_word' id='word_1_247' title='bbox 145 3281 330 3348; x_wconf 90' lang='lat' dir='ltr'>admotione</span> <span class='ocrx_word' id='word_1_248' title='bbox 358 3278 543 3365; x_wconf 83' lang='lat' dir='ltr'>digitorum.</span> <span class='ocrx_word' id='word_1_249' title='bbox 587 3280 697 3364; x_wconf 82' lang='lat' dir='ltr'>Atque</span> <span class='ocrx_word' id='word_1_250' title='bbox 718 3279 799 3345; x_wconf 86' lang='lat' dir='ltr'>haec</span> <span class='ocrx_word' id='word_1_251' title='bbox 822 3281 1063 3365; x_wconf 82' lang='lat' dir='ltr'>oblectationis3</span> <span class='ocrx_word' id='word_1_252' title='bbox 1092 3282 1153 3346; x_wconf 92' lang='lat' dir='ltr'>illa</span> 
     </span>
     <span class='ocr_line' id='line_1_35' title="bbox 144 3367 1196 3455; baseline -0.003 -21"><span class='ocrx_word' id='word_1_253' title='bbox 144 3367 358 3451; x_wconf 86' lang='lat' dir='ltr'>necessitatis,</span> <span class='ocrx_word' id='word_1_254' title='bbox 383 3368 490 3432; x_wconf 89' lang='lat' dir='ltr'>cultus</span> <span class='ocrx_word' id='word_1_255' title='bbox 514 3368 584 3434; x_wconf 88' lang='lat' dir='ltr'>dico</span> <span class='ocrx_word' id='word_1_256' title='bbox 608 3390 762 3455; x_wconf 87' lang='lat' dir='ltr'>agrorum</span> <span class='ocrx_word' id='word_1_257' title='bbox 785 3370 1066 3455; x_wconf 81' lang='lat' dir='ltr'>extructionesque</span> <span class='ocrx_word' id='word_1_258' title='bbox 1088 3374 1153 3436; x_wconf 91' lang='lat' dir='ltr'>tec·</span> <span class='ocrx_word' id='word_1_259' title='bbox 1167 3389 1196 3431; x_wconf 74' lang='lat' dir='ltr'>aa</span> 
     </span>
     <span class='ocr_line' id='line_1_36' title="bbox 145 3457 1153 3543; baseline 0.001 -20"><span class='ocrx_word' id='word_1_260' title='bbox 145 3462 268 3540; x_wconf 88' lang='lat' dir='ltr'>torum,</span> <span class='ocrx_word' id='word_1_261' title='bbox 295 3460 485 3543; x_wconf 85' lang='lat' dir='ltr'>tegumenta</span> <span class='ocrx_word' id='word_1_262' title='bbox 512 3478 684 3543; x_wconf 88' lang='lat' dir='ltr'>corporum</span> <span class='ocrx_word' id='word_1_263' title='bbox 710 3457 763 3521; x_wconf 84' lang='lat' dir='ltr'>vel</span> <span class='ocrx_word' id='word_1_264' title='bbox 789 3461 880 3522; x_wconf 85' lang='lat' dir='ltr'>texta</span> <span class='ocrx_word' id='word_1_265' title='bbox 907 3458 959 3523; x_wconf 84' lang='lat' dir='ltr'>vel</span> <span class='ocrx_word' id='word_1_266' title='bbox 989 3462 1064 3523; x_wconf 90' lang='lat' dir='ltr'>suta</span> <span class='ocrx_word' id='word_1_267' title='bbox 1086 3480 1153 3524; x_wconf 89' lang='lat' dir='ltr'>om·</span> 
     </span>
     <span class='ocr_line' id='line_1_37' title="bbox 146 3543 1155 3632; baseline 0.002 -22"><span class='ocrx_word' id='word_1_268' title='bbox 146 3566 283 3629; x_wconf 84' lang='lat' dir='ltr'>nemque</span> <span class='ocrx_word' id='word_1_269' title='bbox 313 3543 472 3611; x_wconf 78' lang='lat' dir='ltr'>fabricam</span> <span class='ocrx_word' id='word_1_270' title='bbox 500 3546 583 3611; x_wconf 85' lang='lat' dir='ltr'>aeris</span> <span class='ocrx_word' id='word_1_271' title='bbox 611 3549 645 3610; x_wconf 91' lang='lat' dir='ltr'>et</span> <span class='ocrx_word' id='word_1_272' title='bbox 671 3544 762 3624; x_wconf 72' lang='lat' dir='ltr'>ferri,</span> <span class='ocrx_word' id='word_1_273' title='bbox 794 3568 833 3610; x_wconf 84' lang='lat' dir='ltr'>ex</span> <span class='ocrx_word' id='word_1_274' title='bbox 860 3568 924 3631; x_wconf 93' lang='lat' dir='ltr'>quo</span> <span class='ocrx_word' id='word_1_275' title='bbox 951 3547 1155 3632; x_wconf 84' lang='lat' dir='ltr'>intellegitur</span> 
     </span>
    </p>
   </div>
   <div class='ocr_carea' id='block_1_5' title="bbox 0 0 1339 3908">
    <p class='ocr_par' dir='ltr' id='par_1_5' title="bbox 0 0 1339 3908">
     <span class='ocr_line' id='line_1_38' title="bbox 0 0 1339 3908; baseline 0 0"><span class='ocrx_word' id='word_1_276' title='bbox 0 0 1339 3908; x_wconf 95' lang='lat' dir='ltr'> </span> 
     </span>
    </p>
   </div>
  </div>
 </body>
</html>
