2630 3904
236 152 290 197 ⁸
391 209 394 214 -
492 186 542 243 na
559 182 713 243 aarum
730 184 887 243 ouoauu

142 338 145 345 “
176 330 286 401 cericu'
299 334 478 401 sententiae
502 354 630 419 quoque
652 331 814 415 occidunt,
837 330 894 398 sed
916 332 1022 398 lucem
1043 334 1195 400 auctoris

176 421 317 489 fortasse
331 421 529 508 desiderant,
547 425 584 488 ut
597 421 679 487 haee
695 420 731 486 in
748 419 958 506 philosophia
971 421 1056 488 ratio
1072 426 1196 489 contra

178 510 288 578 omnia
305 510 484 577 disserendi
504 510 693 595 nullamque
711 530 781 575 rem
799 513 912 595 aperte
933 509 1097 577 iudicandi
1114 531 1196 597 pro·

175 599 263 667 fecta
294 622 314 665 a
341 597 487 685 Socrate,
518 597 659 685 repetita
689 598 732 663 ab
760 597 921 682 Arcesila,
947 599 1141 665 confirmata
1172 621 1195 666 a

56 684 59 691 ’
177 685 342 767 Carneade
374 710 476 774 usqae
507 686 550 754 ad
580 689 727 753 nostram
758 686 865 789 viguit
897 691 1052 773 aetatem3
1088 698 1223 773 quam⁵

129 804 153 857 χ
176 799 262 846 nunc
284 799 386 865 prope
409 776 542 844 modum
565 775 680 842 orbam
703 796 773 841 ease
796 796 832 840 m
848 776 922 861 ipsa
940 774 1076 842 Graecia
1092 776 1195 842 intel·

124 922 146 953 a
177 866 261 953 lego.
294 863 387 942 Quod
408 887 474 932 non
498 864 692 953 Academiae
714 863 804 948 vitio,
827 863 884 931 aed
906 864 1062 931 tarditate
1084 864 1194 931 homi·

79 1014 86 1025 ,
148 928 531 1061 Qr-fffflffi
556 953 602 1031 saa
628 964 638 983 f
665 942 753 1018 Nam
776 952 805 1019 si
827 951 975 1056 singulas
998 953 1194 1057 disciplinas

30 1060 59 1197 xl
144 1120 148 1139 ¹
172 1048 346 1198 iddciiieiii
369 1042 1195 1215 pepmonrespptaupppptpmrppppmpts{epops
1209 1144 1235 1188 1·

131 1276 136 1283 ,
165 1219 323 1306 'pariendi
354 1241 452 1287 causa
478 1223 512 1286 et
542 1222 657 1286 contra
684 1217 790 1284 omnia
821 1217 1037 1305 philosophos
1064 1223 1099 1286 et
1126 1241 1193 1305 pro

126 1305 328 1391 ralomnibus
360 1308 473 1376 dicere.
522 1305 622 1373 Cuius
654 1306 702 1373 rei
733 1310 845 1372 tantae
876 1311 1008 1393 tarnquo
1045 1307 1193 1375 difficilis

177 1390 367 1464 facultatem
380 1399 587 1465 consecutum
609 1416 681 1462 ease
699 1417 751 1462 me
764 1416 831 1462 nou
852 1395 1019 1482 profiteor,
1041 1401 1193 1464 secutum
1287 1416 1289 1511 Ι

177 1507 249 1552 esse
275 1508 354 1573 prae
380 1507 432 1552 me
458 1484 538 1552 iero.
583 1482 652 1550 Neo
674 1487 786 1550 temen
807 1484 879 1551 fieri
900 1488 1024 1571 potest,
1051 1488 1102 1573 ut,
1132 1486 1193 1572 qui
1289 1518 1290 1613 ,

177 1574 238 1641 hac
260 1574 387 1641 ratione
404 1573 685 1661 philosophentur,
707 1573 732 1639 ii
753 1572 837 1638 nihil
856 1573 1011 1660 habeant,
1034 1574 1122 1659 quod
1140 1597 1190 1641 ae·
1206 1589 1232 1632 ιδ

177 1667 327 1749 quantur.
354 1661 487 1729 Dictum
509 1666 560 1729 est
578 1661 710 1728 omnino
733 1661 773 1727 de
795 1661 857 1729 hac
878 1684 914 1729 re
937 1662 1002 1729 alio
1025 1663 1098 1730 loco
1117 1663 1192 1730 dili·
1290 1622 1291 1699 l

177 1752 321 1840 gentius,
352 1751 422 1836 sed,
454 1751 531 1838 quia
560 1749 658 1817 nimis
689 1749 857 1839 indociles,
878 1751 1010 1837 quidam
1036 1751 1191 1837 tardique
1291 1726 1292 1803 l

177 1845 266 1925 sunt,
294 1839 488 1933 admonendi
510 1839 660 1935 ridentur
683 1838 847 1924 saepius!
862 1837 939 1906 Non
961 1840 1048 1906 enim
1075 1862 1190 1907 sumus
1292 1828 1293 1893 l

162 1928 209 2014 rii,
232 1929 350 2014 quibus
363 1929 455 1994 vnihil
472 1934 585 1994 verum
608 1948 679 1993 esse
696 1927 854 2014 videatur,
876 1927 934 1994 sed
955 1928 988 2014 ii,
1011 1929 1067 2014 qui
1086 1930 1191 1996 omui·
1293 1932 1294 2001 l

164 2010 237 2084 'bus
260 2016 346 2086 veris
368 2016 454 2083 falsa
477 2015 635 2102 quaedam
657 2015 810 2083 adiuncta
831 2038 902 2083 esse
925 2017 1070 2084 dicamus
1092 2022 1190 2086 tanta
1203 2031 1231 2073 ¹⁰

177 2106 402 2191 similitudine,
432 2108 470 2171 ut
495 2105 531 2170 in
556 2104 598 2171 iis
624 2105 716 2170 nulla
741 2104 822 2171 insit
848 2109 938 2172 certa
964 2106 1127 2173 iudicandi
1154 2111 1191 2174 et

176 2193 378 2262 adsentiendi
406 2197 494 2261 nota.
539 2192 590 2259 Ex
611 2215 676 2279 quo
705 2194 832 2260 exstitit
859 2193 955 2279 illud,
982 2196 1088 2262 multa
1114 2217 1188 2262 esse

174 2283 368 2371 probabilia,
392 2304 474 2368 quae
492 2304 689 2367 quamquam
708 2304 775 2349 non
792 2282 1045 2370 perciperentur,
1067 2289 1189 2369 tamen,

175 2371 253 2457 quia
274 2371 381 2437 visum
403 2370 565 2458 quendam
584 2370 742 2438 haberent
763 2370 926 2458 insignem
947 2375 983 2438 et
1004 2371 1188 2459 inlustrem,

174 2460 215 2527 iis
239 2458 396 2548 sapientis
417 2459 488 2526 vita
510 2463 685 2546 regeretur.
1202 2474 1229 2518 a

136 2544 233 2619 ΨΑ
242 2563 306 2632 Sed
327 2565 408 2649 iam,
434 2568 472 2630 ut
494 2565 584 2631 omui
610 2588 662 2633 me
683 2565 806 2632 invidia
828 2565 978 2651 liberem,
1005 2589 1125 2654 ponam
1151 2567 1190 2633 in

79 2618 156 2717 (³³
175 2654 282 2721 medio
314 2653 494 2720 sententias
524 2653 795 2741 philosophorum
824 2654 863 2720 de
894 2658 1013 2721 natura
1044 2654 1187 2723 deorum.

29 2754 31 2785 ³
78 2758 82 2781 ¹
175 2741 246 2820 Quo
266 2741 396 2830 quidem
414 2741 486 2809 loco
499 2742 698 2811 convocandi
711 2763 823 2809 omnes
837 2741 997 2830 videntur,
1020 2743 1084 2830 qui,
1102 2767 1187 2830 quae

79 2784 93 2889 l
175 2832 219 2898 sit
246 2853 358 2898 earum
384 2852 475 2917 vera,
501 2829 651 2898 iudicent.
692 2829 776 2897 Tum
803 2831 934 2898 demum
956 2832 1038 2898 mihi
1065 2853 1186 2921 procax

175 2919 351 2988 Academia
375 2919 552 3004 videbitur,
580 2919 609 2986 si
635 2923 693 2987 aut
720 2921 943 2987 consenserint
969 2943 1095 3007 omnes,
1127 2926 1185 2988 aut
1199 2936 1227 2980 ω

175 3008 238 3075 erit
262 3008 413 3076 inventus
442 3008 574 3095 aliquis,
602 3008 671 3094 qui,
694 3008 772 3094 quid
793 3030 908 3076 rerum
930 3009 988 3094 sit,
1016 3008 1186 3078 invenerit.

173 3095 290 3184 Itaque
312 3095 394 3163 mihi
416 3097 499 3164 libet
521 3097 711 3181 exclamare,
733 3101 772 3163 ut
793 3103 838 3164 est
859 3096 894 3164 in
916 3096 1132 3186 Synephebis:

240 3255 313 3322 Pro
328 3255 452 3342 deum,
469 3256 718 3342 popula'rium
737 3258 921 3342 omnium,
938 3258 1079 3325 dmnicm
1096 3259 1187 3326 adu·

811 3346 1044 3415 lesoeutium

241 3431 388 3516 Oldmo,
410 3431 588 3517 postulo,
615 3433 794 3520 obsecro,
821 3456 901 3518 oro,
928 3436 1041 3521 ploro
1069 3439 1186 3522 atque

811 3523 968 3608 inplord
990 3523 1118 3610 fidem,
