2652 3920
391 245 459 302 LIB.
477 245 499 301 l.
524 244 600 300 CAP.
619 251 733 301 22-24.
757 252 773 312 ἓ
791 252 905 301 44-49,
1090 247 1153 311 163

145 392 349 458 redundaret.
394 389 487 467 Quod
513 389 629 455 matris
656 390 817 456 somnium
839 390 980 456 inmanis
1004 391 1066 456 filii
1087 414 1156 458 cru·

145 480 520 583 delitasoconprobavit
560 477 643 581 Quid
670 498 856 581 ego,·qua·e
884 480 974 581 magi
995 479 1081 582 flyro
1104 479 1155 546 illi

145 571 641 723 ttttufflttttrtb
659 566 1157 742 trististristis,
1269 645 1273 653 ·

119 750 196 818 ster
224 767 298 810 eum
325 744 440 811 scribit
466 743 590 809 frustra
613 743 808 828 adpetivisse
830 744 994 829 manibus,
1024 766 1097 810 curn
1120 766 1155 810 se

145 834 341 900 convolvens
365 832 415 898 sol
439 832 621 898 elaberetur
644 835 677 896 et
699 831 819 916 abiret3
841 832 872 897 ei
892 854 1008 918 magos
1027 833 1155 918 dixisse,

146 921 232 1007 quod
255 941 357 1009 genus
376 921 573 1006 sapientium
593 924 626 986 et
644 920 812 986 doctorum
831 920 1015 986 habebatur
1033 921 1068 986 in
1081 920 1155 987 Per·

146 1012 201 1093 sis,
223 1031 262 1074 ex
284 1010 407 1095 triplici
430 1009 629 1095 adpetitione
653 1009 733 1074 solis
753 1008 895 1094 triginta
912 1031 1015 1075 annos
1034 1007 1155 1095 Cyrum

102 1174 133 1246 vro
145 1097 683 1272 {pignszrptrpppespsppmppetppgrffi'
695 1095 788 1251 (ibid
811 1101 1155 1272 ddaadidgibgtlat’nldbss

146 1296 249 1342 annos
272 1296 410 1362 regnare
433 1274 601 1360 coepisset.
637 1274 700 1338 Est
717 1273 864 1359 profecto
884 1275 1037 1360 quiddam
1056 1276 1154 1341 etiarn
1174 1287 1206 1336 47

145 1363 181 1429 in
207 1363 357 1429 barbaris
382 1363 534 1450 gentibus
557 1363 779 1448 praesentiens
802 1367 900 1448 atque
924 1363 1084 1449 divinans,
1113 1364 1155 1429 si·

146 1452 273 1538 quidem
302 1452 343 1517 ad
371 1455 511 1517 mortem
533 1451 738 1536 proficiscens
763 1449 918 1516 Callanus
941 1450 1054 1536 Indus,
1082 1475 1155 1518 cum

145 1540 348 1625 inscenderet
371 1543 405 1604 in
422 1561 539 1626 rogum
557 1541 733 1626 ardentem,
756 1538 799 1604 ‘0
817 1541 1062 1625 praeclarum
1080 1541 1155 1606 dis·

107 1629 324 1713 ucessum',
346 1629 466 1713 inquit,
490 1627 523 1692 ‘e
545 1629 641 1713 vita,
663 1626 762 1713 cum,
782 1631 825 1693 ut
846 1627 1008 1694 Herculi
1030 1629 1155 1694 conti·

146 1717 217 1803 git,
240 1718 399 1783 mortali
422 1737 583 1802 corpore
606 1720 774 1782 cremato
797 1716 836 1780 in
859 1717 982 1782 lucem
1005 1717 1155 1783 animus

146 1805 389 1871 excesseritl'
420 1803 565 1890 Cumque
579 1805 764 1869 Alexander
782 1825 856 1869 eum
873 1809 1015 1892 rogaret,
1034 1806 1062 1870 si
1077 1806 1154 1892 quid

146 1893 255 1977 vellet,
277 1897 314 1958 ut
337 1894 470 1978 diceret,
493 1892 686 1979 ‘Optime’,
708 1893 829 1978 inquit3
854 1892 1093 1979 ‘propediem
1116 1898 1155 1960 te

147 1981 310 2048 videbo'.
357 1980 450 2057 Quod
481 1982 529 2047 ita
558 1982 711 2069 contigit3
741 2004 819 2048 narn
849 1979 1016 2066 Babylone
1042 1983 1154 2068 paucis

107 2090 134 2129 ro
147 2074 224 2157 post
241 2070 353 2136 diebus
368 2070 552 2135 Alexander
570 2074 620 2135 est
638 2075 795 2138 mortuus.
826 2070 964 2136 Discedo
980 2093 1155 2157 parumper

147 2181 167 2225 a
185 2160 329 2244 somniis,
348 2160 390 2224 ad
409 2180 491 2245 quae
509 2180 585 2224 mox
602 2164 754 2224 revertar.
791 2157 862 2234 Qua
881 2162 977 2224 nocte
995 2160 1156 2244 templum

146 2247 307 2334 Ephesiae
329 2247 456 2313 Dianae
478 2247 680 2336 deflagravit,
703 2247 815 2313 eadem
837 2251 967 2312 constat
990 2269 1029 2313 ex
1047 2247 1156 2333 Olym·

144 2337 240 2424 piade
262 2341 377 2403 natum
401 2356 471 2401 esse
493 2335 724 2419 Alexandrum,
747 2339 854 2420 etque,
874 2336 933 2401 'ubi
956 2336 1063 2402 lucere
1086 2357 1156 2403 coe·

145 2426 262 2511 pisset,
290 2426 477 2490 clamitasse
504 2445 619 2511 magos
646 2428 772 2509 pestem
800 2445 837 2489 ac
858 2423 1034 2507 perniciem
1056 2424 1155 2490 Asiae

106 2531 132 2572 as
146 2535 305 2599 proxuma
326 2516 421 2579 nocte
443 2516 563 2577 natam.
603 2511 693 2578 Haec
716 2511 755 2578 de
776 2509 866 2576 Indis
888 2516 922 2577 et
944 2514 1059 2597 magis.
1095 2481 1208 2609 Re24‘}

146 2602 279 2667 deamus
302 2601 343 2666 ad
366 2599 500 2666 somnia.
541 2599 760 2665 Hannibalem
784 2598 912 2666 Coelius
936 2601 1060 2687 scribit,
1082 2623 1155 2667 oum
1269 2603 1273 2610 '

147 2690 332 2756 columnam
359 2711 504 2772 auream,
531 2710 613 2774 quae
640 2692 727 2754 esset
752 2689 788 2753 in
809 2688 886 2754 fano
908 2688 1042 2755 Iunonis
1064 2688 1155 2755 Laci-

146 2779 229 2864 niae,
247 2778 374 2844 auferre
391 2777 493 2842 vellet
511 2776 747 2863 dubitaretque,
765 2780 875 2842 utrum
893 2799 933 2844 ea
950 2778 1056 2844 solida
1069 2783 1156 2844 esset

147 2889 191 2932 an
217 2867 415 2932 extrinsecus
442 2866 606 2950 inaurata,
632 2864 919 2951 perterebravisse,
947 2888 1083 2951 cumque
1106 2888 1155 2933 so·

106 2955 248 3021 solidam
261 2955 447 3038 invenisset,
465 2954 618 3020 statuisse
632 2954 761 3038 tollere3
780 2953 810 3019 ei
823 2953 997 3021 secundum
1013 2955 1155 3040 quietern

145 3044 250 3109 visam
273 3065 344 3108 esse
366 3041 524 3108 Iunonem
545 3042 737 3128 praedicere,
758 3063 800 3107 ue
820 3042 853 3127 id
871 3041 1001 3128 feceret,
1024 3043 1155 3108 minari·

147 3154 222 3217 que,
252 3133 280 3197 si
307 3130 454 3215 fecisset,
483 3151 518 3196 se
547 3133 748 3215 curaturam,
777 3135 815 3196 ut
837 3153 911 3196 eum
933 3152 1060 3216 quoque
1083 3153 1155 3198 ocu·

146 3222 227 3304 lum,
258 3241 322 3306 quo
350 3220 431 3285 bene
459 3218 596 3303 videret,
625 3219 806 3303 amitteret,
835 3219 931 3304 idque
959 3220 1001 3285 ab
1023 3219 1154 3285 homine

147 3313 241 3375 acuto
270 3329 337 3374 non
364 3328 434 3372 esse
459 3308 658 3393 neglectnm3
687 3308 799 3392 itaque
821 3329 861 3373 ex
884 3329 922 3373 eo
946 3329 1038 3393 arro,
1068 3307 1155 3393 quod

105 3415 133 3457 rs
147 3397 385 3463 exterebratum
403 3399 499 3481 esset,
516 3396 668 3462 buculam
685 3416 815 3462 curasse
832 3395 1015 3462 faciendam
1035 3398 1068 3460 et
1082 3416 1167 3461 eam·

146 3485 181 3552 in
204 3506 331 3552 summa
353 3485 503 3551 columna
525 3483 751 3550 conlocavisse.
791 3483 863 3550 Hoc
885 3484 964 3549 item
986 3485 1021 3548 in
1043 3481 1153 3565 Sileni,
1171 3493 1205 3544 49

148 3595 242 3663 quem
265 3573 394 3640 Coelius
418 3572 573 3658 sequitur,
595 3571 720 3638 Graeca
742 3572 881 3638 historia
903 3576 953 3637 est
976 3570 1019 3657 (is
1042 3574 1152 3635 autem

884 3674 938 3730 11*
