2652 3908
160 161 227 226 104
473 159 524 215 DE
541 159 694 221 Nuculae
711 160 866 219 DEORUM

147 358 162 376 .
223 307 403 390 Ansaque
442 304 653 373 funestum·
677 305 801 391 prima
837 311 897 372 est
932 306 1169 374 fabricarier

214 466 218 467 ⁷
343 464 353 468 ,,
386 430 390 465 ζ
457 436 463 462 2
540 478 544 485 .
580 456 594 465 ,,
632 453 637 462 ,
751 452 754 458 .
950 417 1079 462 ensem

222 482 272 557 Et
300 486 460 571 gustare
487 494 608 548 manu
626 483 798 549 vinctum
821 483 1091 570 domitumque
1112 487 1170 552 in·

864 633 865 636 ,
907 595 1078 639 rancum.

156 712 263 780 Tanta
291 703 478 800 putabatur*
499 713 627 779 utilitas
640 711 777 799 'percipi
804 735 824 780 e
844 714 985 800 bubus,·
995 719 1032 781 ut
1055 697 1186 782 eorum

102 805 147 869 64
156 801 335 869 visceribus
358 802 444 868 vesci
467 802 573 868 scelus
595 802 779 883 haberetur.
819 800 969 890 Longum
983 808 1043 871 ‚est
1066 805 1172 872 mulo·

149 890 229 957 ⁴rum
251 891 402 977 persequi
419 890 581 956 utilitates
600 894 634 958 et
652 891 827 976 asinorum,
850 912 933 977 quae
951 895 1037 958 certe
1057 893 1100 959 ad
1113 893 1171 960 110.
1200 914 1214 955 ,
1313 874 1314 951 ξ

105 993 156 1043 160
165 981 290 1045 minum
307 1001 403 1045 usum
419 982 555 1065 paratae
574 983 670 1044 sunt(
691 977 752 1045 Sus
770 980 940 1066 veroquid
954 980 1054 1047 habet
1068 1004 1161 1069 prae·

156 1072 208 1134 ter
230 1068 359 1135 escam?
387 1067 439 1133 cui
461 1068 600 1154 quidem,
621 1089 662 1133 ne
684 1071 877 1155 putesceret,
900 1069 1041 1135 animam
1060 1068 1170 1157 ipsam
1197 1155 1200 1159 ,

156 1170 217 1243 pro
247 1156 324 1231 sale„
346 1157 457 1221 datam
486 1156 565 1222 dicit
596 1178 667 1222 esse
694 1153 911 1243 Chrysippum
942 1181 1007 1244 qua
1038 1160 1172 1244 pecude,

159 1244 244 1330 quod
266 1249 337 1311 erat
360 1245 402 1310 ad
423 1245 616 1311 vescendum
636 1245 823 1311 hominibus
843 1250 930 1332 apta,
952 1246 1035 1311 nihil
1054 1249 1172 1335 genuit

157 1339 276 1400 natura
301 1333 478 1400 fecundius.
523 1332 607 1410 Quid
637 1333 879 1399 multitudinem
906 1335 1170 1422 suavitatemque
1186 1359 1214 1398 lo

157 1422 295 1508 piscium
319 1422 445 1488 dicam?
469 1421 546 1508 quid
569 1421 700 1488 arium?
724 1444 762 1488 ex
785 1422 902 1509 quibus
921 1427 1016 1490 tanta
1033 1426 1172 1512 percipi·

156 1517 211 1578 tur
239 1512 406 1598 voluptas,
437 1514 475 1577 ut
503 1510 667 1576 interdum
692 1508 840 1577 Pronoea
866 1515 981 1578 nostra
1007 1511 1199 1598 Epicurea?

155 1601 257 1667 fuisse
292 1600 449 1665 videatur.
497 1599 607 1685 Atque
643 1620 700 1664 cae
735 1622 776 1665 ne
808 1605 999 1686 caperentur
1038 1603 1170 1688 quidem

156 1690 221 1756 nisi
242 1688 411 1755 hominum
433 1687 561 1753 ratione
579 1692 677 1773 atque
697 1688 858 1772 sollertia3
880 1711 1078 1775 quamquam
1097 1692 1170 1757 avis

157 1779 388 1865 quasdam,''et
415 1776 510 1842 alites
540 1780 573 1841 et
595 1777 734 1861 oscines,
761 1780 799 1840 ut
820 1778 927 1843 nostri
949 1799 1090 1864 augures
1114 1802 1170 1866 ap
1186 1800 1215 1841 rs

157 1868 296 1953 pellant,
323 1886 432 1931 rerum
459 1865 721 1950 augurandarum
744 1887 843 1931 causa
865 1887 935 1931 esse
957 1870 1053 1933 natas
1075 1871 1171 1954 puta-

108 1970 157 2020 rel
172 1976 253 2022 mus.
288 1946 361 2019 lam
384 1975 460 2020 vero
483 1953 641 2018 immanes
665 1956 698 2018 et
715 1953 802 2018 feras
820 1954 934 2020 beluas
951 1956 1171 2022 nanciscimur

157 2043 314 2124 venando,
336 2045 374 2119 ut
397 2045 430 2125 et
447 2058 616 2108 vescamur
633 2041 675 2106 iis
695 2045 728 2106 et
746 2064 951 2109 exerceamur
968 2043 1003 2108 in
1021 2046 1171 2111 venando

152 2133 200 2200 'ad
222 2129 468 2197 similitudinem
490 2130 626 2196 bellicae
650 2129 839 2216 disciplinae
862 2134 896 2197 et
918 2134 1051 2197 utamur
1068 2133 1169 2200 domi·

158 2222 202 2286 tis
224 2224 257 2286 et
275 2218 520 2303 condocefactis,
542 2224 579 2284 ut
598 2218 790 2304 elephantis,
813 2220 980 2305 multaqw
999 2243 1039 2286 ex
1057 2244 1170 2288 earum
1185 2243 1213 2284 ac

158 2308 349 2395 corporibus
383 2307 525 2372 remedia
557 2306 680 2372 morbis
713 2311 747 2372 et
778 2307 967 2374 vulneribus
1000 2309 1172 2396 eligamus,

101 2468 104 2474 ,
159 2400 244 2464 siout
267 2415 315 2462 ex·
328 2396 522 2482 quibusdam
546 2392 702 2481 stirpibus
726 2400 759 2461 et
780 2396 900 2481 herbis,
924 2419 1061 2481 quarum
1082 2400 1171 2465 utili-

159 2491 245 2552 tates
268 2484 439 2572 longinqui
461 2483 618 2570 tcmporis
641 2505 701 2548 usu
720 2489 753 2548 et
771 2484 1009 2570 periclitatione
1027 2489 1171 2574 percepi-

160 2597 241 2643 mus.
285 2574 404 2640 Totam
435 2573 512 2638 licet
544 2572 660 2637 animis
692 2576 861 2658 tamqnam
893 2574 996 2640 oculis
1028 2574 1170 2642 lustrare

125 2661 129 2671 ’
159 2670 282 2731 terram
310 2661 475 2746 mariaque
504 2661 627 2743 omnia,
653 2683 764 2726 cernes
791 2661 858 2726 iam
881 2662 988 2748 spatia
1010 2662 1170 2750 frugifera
1185 2684 1212 2727 rs
1313 2718 1314 2725 ,

160 2759 258 2838 atque
275 2751 424 2817 inmensa
439 2769 628 2834 camporum
641 2750 842 2835 vestitusque
857 2751 1066 2818 densissimos
1081 2775 1171 2819 mon-

160 2843 256 2927 tium,
278 2839 436 2925 pecudum
459 2841 588 2923 pastus,
614 2840 685 2902 tum
708 2837 890 2903 incredibili
912 2861 1024 2905 cursus
1047 2842 1171 2907 mariti-

108 2943 159 2992 162
174 2951 245 2995 mos
268 2928 443 2995 celeritate.
482 2923 553 2991 Nec
575 2947 651 2991 vero
671 2947 770 3011 supra
788 2929 920 3012 terram,
942 2925 1116 2994 sedetiam
1135 2931 1171 2995 in

159 3016 294 3084 intumis
318 3015 386 3081 eius
410 3013 554 3079 tenebris
572 3013 787 3099 plurimarum
806 3037 914 3081 rerum
932 3016 1016 3082 latet
1032 3017 1171 3104 utilitas,

161 3128 243 3192 quae
273 3103 314 3170 ad
340 3123 436 3168 usum
458 3101 627 3169 hominum
650 3106 724 3168 orta
746 3105 787 3169 ab
810 3104 999 3177 hominibus
1021 3107 1100 3172 solis
1122 3107 1171 3173 in·
1186 3126 1213 3167 ao
1313 3138 1314 3143 κ

159 3195 298 3260 venitur.

108 3318 151 3384 65
227 3314 315 3381 Illud
337 3336 425 3398 vero,
448 3316 534 3400 quod
556 3318 693 3401 uterque
714 3319 860 3381 vestrum
878 3316 1014 3402 arripiet
1030 3285 1173 3384 fortasse

162 3405 203 3470 ad
225 3402 495 3489 reprendendum,
523 3402 634 3487 Cotta,
662 3403 739 3488 quia
761 3401 944 3470 Carneades
966 3406 1116 3472 lubenter
1129 3409 1173 3475 ¹in

161 3491 290 3558 Stoicos
316 3490 544 3573 invehebatur,
570 3490 731 3575 Velleius,
759 3492 835 3574 quia
856 3492 939 3558 nihil
961 3498 1031 3559 tam
1053 3495 1175 3561 inridet
