2654 3924
168 223 234 288 260
606 221 655 276 DE
675 221 769 276 FATO

167 369 309 454 primum
341 367 369 433 si
401 366 482 432 mihi
513 366 616 431 libeat
643 366 767 431 adserit
744 365 799 431 ιιιι
826 365 967 452 Epicuro
995 369 1029 431 et
1054 388 1175 452 negare

167 479 295 522 omnem
314 455 571 557 enuntiationem
589 458 646 520 aut
664 476 775 519 veram
795 476 865 520 esse
884 477 925 520 au
926 453 1083 538 tfalsam,
1104 478 1175 520 eam

166 546 300 631 plagam
326 544 436 630 potius
464 543 622 628 accipiam
650 566 748 628 quam
777 542 847 609 fato
876 543 986 609 omnia
1006 543 1079 608 fieri
1102 565 1175 610 oon·

166 634 315 719 probem,
337 633 397 698 illa
420 632 506 698 enim
529 632 691 697 sententia
713 631 813 697 habet
837 632 960 716 aliquid
984 631 1094 718 disput
1096 632 1175 697 atio·

166 722 231 806 nis,
258 722 338 787 haee
366 743 442 787 vcro
469 742 536 786 non
562 723 655 785 estt
640 719 831 786 tolerabilis.
871 720 987 805 Itaque
1008 720 1215 786 contendis

167 811 272 876 omnis
295 831 412 875 nervos
432 807 643 894 Chrysippus,
665 813 703 874 ut
720 808 915 894 persuadeat
933 831 1029 875 omne
1047 804 1175 892 ἀξίωμα

168 904 225 964 aut
246 920 359 965 verum
382 916 452 963 esse
473 901 532 962 aut
553 897 683 962 falsum.
727 895 773 962 Ut
796 896 882 962 euim
903 896 1064 983 Epicurus
1087 920 1175 962 vere-

166 992 229 1071 tur,
252 1009 302 1071 ne,
325 987 353 1052 si
375 987 438 1052 hoc
460 985 664 1069 concesserit,
641 986 924 1051 tconcedendum
946 986 989 1050 sit
1007 987 1076 1051 fato
1095 985 1176 1069 fieri,

168 1097 386 1160 quaecumque
407 1074 499 1157 fiant,
521 1071 565 1160 (si
587 1072 672 1138 enini
696 1074 836 1139 alterum
854 1078 965 1139 utrum
983 1097 1022 1139 ex
1040 1074 1176 1140 aeterni·

166 1167 237 1229 tate
264 1186 377 1228 verum
405 1163 461 1246 sit,
489 1183 559 1227 esse
586 1161 619 1226 id
648 1162 748 1226 etia'm
771 1166 894 1227 certum
918 1166 964 1248 et,
992 1162 1020 1227 si
1043 1167 1216 1245 certum,10

168 1252 267 1317 etiam
289 1251 519 1334 necessarium,
539 1250 590 1314 ita
612 1254 645 1314 et
666 1250 894 1316 necessitatem
917 1256 951 1315 et
972 1250 1077 1315 fatum
1103 1273 1176 1317 con·

166 1339 291 1405 firmari
312 1337 422 1425 putat)
450 1339 496 1404 sic
520 1336 719 1423 Chrysippus
743 1339 872 1422 metuit,
899 1361 953 1423 ne,
981 1340 1098 1404 sinon
1120 1340 1175 1404 ob·
1208 1396 1210 1401 ,

167 1429 302 1493 tinuerit
328 1449 436 1510 omne,
466 1426 551 1510 quod
579 1427 778 1511 enuntietur,
809 1431 866 1492 aut
887 1450 1000 1492 verum
1024 1449 1095 1492 esse
1119 1430 1177 1492 aut

115 1536 149 1586 ιι
168 1517 301 1600 falsum,
329 1538 396 1581 non
422 1519 532 1580 teneat
560 1515 669 1580 omnia
691 1515 761 1581 fato
784 1515 855 1580 fieri
878 1518 911 1580 ιι
935 1538 973 1580 ex
996 1516 1102 1581 causis
1126 1538 1176 1581 ae·

168 1606 269 1671 ternis
302 1625 411 1670 rerum
440 1604 633 1669 futurarum.
676 1601 738 1668 Sed
770 1603 929 1689 Epicurus
963 1604 1176 1670 declinatione
1192 1623 1216 1661 ιι

168 1694 271 1760 atomi
300 1693 398 1758 vitari
424 1692 584 1759 necessita
564 1697 651 1758 atem
678 1692 739 1757 fati
766 1697 870 1777 putat.
915 1692 1031 1777 Itaque
1058 1694 1176 1758 tertius

169 1783 300 1867 quidam
328 1786 436 1848 motus
464 1781 568 1847 oritur
596 1785 688 1845 extra
714 1781 840 1866 pondus
868 1782 914 1847 ιι
929 1781 1077 1868 plagam,
1105 1804 1178 1847 oum

169 1872 310 1937 declinat
339 1874 467 1935 atomus
494 1869 668 1934 intervallo
697 1869 831 1935 minimo
860 1867 907 1955 (id
935 1871 1046 1955 appell
1048 1874 1083 1934 at
1106 1866 1178 1935 ἑλά-

170 1958 313 2045 χισιον);
335 1980 434 2044 quam
457 1958 754 2023 declinationem
729 1979 797 2022 sme
816 1980 914 2023 causa
932 1958 1049 2023 fieri
1023 1980 1052 2022 ιι
1071 1959 1177 2023 minus

169 2048 291 2132 verbis,
322 2069 357 2112 re
389 2047 517 2132 cogitur
548 2046 703 2111 confiteri.
749 2044 825 2111 Non
857 2047 944 2112 enim
976 2050 1105 2112 atomus
1137 2047 1177 2112 ab
1193 2065 1218 2102 20

171 2142 279 2202 atomo
295 2135 422 2237 ..pulsa
430 2134 579 2199 declinat.
624 2132 711 2198 Nam
735 2134 790 2218 qui
812 2138 923 2220 potest
945 2135 1024 2220 pelli
1047 2135 1113 2201 alia
1136 2136 1177 2200 ab

170 2224 248 2311 alia,
275 2223 304 2287 si
332 2223 495 2309 gravitate
518 2222 628 2286 ferunt
613 2225 667 2286 tur
690 2222 731 2287 ad
753 2223 1017 2308 perpendiculum
1040 2246 1177 2310 corpora

169 2274 334 2376 indiiidua
361 2311 458 2376 rectis
486 2310 594 2394 lincis,
625 2314 662 2374 ut
685 2310 826 2395 Epicuro
854 2313 984 2397 placet?
1026 2310 1176 2397 Sequitur

170 2401 270 2484 enim,
298 2404 349 2483 ut,
380 2400 408 2463 si
441 2400 506 2463 alia
538 2399 579 2463 ab
609 2398 674 2463 alia
703 2420 881 2483 numquam
909 2400 1106 2486 depellatur,
1137 2422 1178 2465 ne

117 2505 151 2555 ιι
171 2490 341 2574 contingat
360 2487 489 2572 quidem
508 2487 574 2551 alia
592 2487 699 2552 aliam.
731 2486 781 2551 Ex
801 2509 864 2571 quo
884 2488 1031 2574 efficitur,
1051 2488 1179 2553 etiamsi
1194 2505 1219 2543 ιι

189 2578 196 2593 ’
237 2582 364 2642 atomus
388 2598 489 2677 eaque
512 2575 659 2659 declinet,
682 2575 887 2640 declinare
862 2540 1224 2730 mmmmm&

170 2666 329 2752 Epicurus
353 2665 417 2730 ιιι
439 2687 513 2729 nem
535 2687 570 2728 m
593 2687 647 2728 uxr
685 2686 704 2729 o
752 2687 823 2728 eam
864 2688 924 2748 em,
947 2665 1033 2749 quod
1055 2670 1140 2730 ιιιιι
1141 2687 1179 2730 ιιι

146 2758 235 2840 cst,
257 2776 311 2834 ne,
335 2754 364 2818 si
387 2775 514 2838 semper
538 2757 665 2818 atomus
690 2753 834 2838 gravitat
819 2753 1015 2819 telerretur
1036 2757 1095 2818 nat
1080 2753 1180 2819 turali

171 2866 209 2909 ac
231 2842 421 2944 necessaria,
443 2841 526 2906 nihil
549 2841 688 2906 liberum
710 2841 806 2906 nobis
830 2845 926 2927 esset,
948 2864 1021 2907 cum
1043 2843 1092 2907 ita
1115 2865 1180 2907 mo-

172 2935 301 2997 veretur
334 2931 474 3014 animus,
509 2933 548 2994 ut
580 2933 763 2995 atomorum
795 2933 886 2995 motu
918 2934 1098 3017 cogeretur.
1142 2930 1222 2994 Ideo

172 3019 388 3102 Democritus,
412 3022 525 3084 auctor
548 3022 740 3102 atomorum,
764 3019 908 3104 accipere
926 3019 1052 3103 maluit,
1074 3040 1181 3086 neces·

122 3110 160 3177 11
174 3109 272 3174 sitate
296 3108 405 3172 omnia
427 3106 507 3191 fieri,
530 3129 627 3192 quam
647 3129 667 3170 a
690 3107 879 3192 corporibus
898 3107 1072 3173 individuis
1090 3111 1183 3174 natu·

174 3197 253 3262 ralis
277 3199 385 3261 motus
409 3196 556 3260 avellere.
595 3195 732 3260 Acutius
756 3193 946 3280 Carneades,
969 3196 1024 3280 qui
1047 3196 1184 3262 docebat

174 3307 345 3370 possep
293 3283 356 3369 Ep
346 3306 471 3349 icareos
501 3305 593 3348 suam
621 3305 752 3348 causam
781 3283 851 3348 sine
874 3284 935 3348 hac
959 3284 1185 3350 commenticia

175 3372 389 3437 declinatione
413 3371 590 3437 defendere
626 3369 712 3435 Nam
736 3393 808 3436 cum
829 3371 982 3437 docerent
1000 3394 1070 3437 esse
1088 3390 1224 3458 possess

175 3459 335 3544 quendam
366 3459 465 3524 animi
494 3463 619 3524 motum
646 3459 762 3523 volunt
749 3459 881 3543 tarium,
909 3458 942 3524 id
968 3460 1031 3524 fuit
1057 3460 1185 3526 defendi

175 3546 291 3611 melius
323 3569 419 3631 quam
449 3547 651 3613 introducere
682 3546 832 3611 declinat
807 3551 944 3632 tlcnem,
975 3548 1065 3614 cuius
1094 3573 1185 3635 prae·
