<?xml version="1.0" encoding="UTF-8"?>
<!DOCTYPE html PUBLIC "-//W3C//DTD XHTML 1.0 Transitional//EN"
    "http://www.w3.org/TR/xhtml1/DTD/xhtml1-transitional.dtd">
<html xmlns="http://www.w3.org/1999/xhtml" xml:lang="en" lang="en">
 <head>
  <title>
</title>
<meta http-equiv="Content-Type" content="text/html;charset=utf-8" />
  <meta name='ocr-system' content='tesseract 3.04.00' />
  <meta name='ocr-capabilities' content='ocr_page ocr_carea ocr_par ocr_line ocrx_word'/>
</head>
<body>
  <div class='ocr_page' id='page_1' title='image "./mtulliiciceroni00salegoog_0207.png"; bbox 0 0 2652 3920; ppageno 0'>
   <div class='ocr_carea' id='block_1_1' title="bbox 176 180 836 254">
    <p class='ocr_par' dir='ltr' id='par_1_1' title="bbox 176 180 836 254">
     <span class='ocr_line' id='line_1_1' title="bbox 176 180 836 254; baseline -0.017 0"><span class='ocrx_word' id='word_1_1' title='bbox 176 191 240 254; x_wconf 80' lang='grc'>154</span> <span class='ocrx_word' id='word_1_2' title='bbox 528 190 576 244; x_wconf 85' lang='lat' dir='ltr'>DE</span> <span class='ocrx_word' id='word_1_3' title='bbox 595 180 836 245; x_wconf 84' lang='lat' dir='ltr'><strong>DIVINATIONE</strong></span> 
     </span>
    </p>
   </div>
   <div class='ocr_carea' id='block_1_2' title="bbox 174 334 1184 777">
    <p class='ocr_par' dir='ltr' id='par_1_2' title="bbox 182 334 1184 613">
     <span class='ocr_line' id='line_1_2' title="bbox 182 334 1147 420; baseline 0 -21"><span class='ocrx_word' id='word_1_4' title='bbox 182 370 187 381; x_wconf 91' lang='lat'><strong>·</strong></span> <span class='ocrx_word' id='word_1_5' title='bbox 218 334 269 401; x_wconf 86' lang='lat' dir='ltr'>Tc</span> <span class='ocrx_word' id='word_1_6' title='bbox 291 334 425 420; x_wconf 91' lang='lat' dir='ltr'>patria</span> <span class='ocrx_word' id='word_1_7' title='bbox 446 334 486 400; x_wconf 93' lang='lat' dir='ltr'>in</span> <span class='ocrx_word' id='word_1_8' title='bbox 508 335 633 401; x_wconf 88' lang='lat' dir='ltr'>media</span> <span class='ocrx_word' id='word_1_9' title='bbox 654 335 844 400; x_wconf 85' lang='lat' dir='ltr'>virtutum</span> <span class='ocrx_word' id='word_1_10' title='bbox 869 334 967 401; x_wconf 88' lang='lat' dir='ltr'>mole</span> <span class='ocrx_word' id='word_1_11' title='bbox 989 334 1147 400; x_wconf 86' lang='lat' dir='ltr'>locavit.</span> 
     </span>
     <span class='ocr_line' id='line_1_3' title="bbox 218 423 1184 508; baseline 0 -19"><span class='ocrx_word' id='word_1_12' title='bbox 218 423 272 489; x_wconf 87' lang='lat' dir='ltr'>Tu</span> <span class='ocrx_word' id='word_1_13' title='bbox 294 427 424 489; x_wconf 91' lang='lat' dir='ltr'>tamen</span> <span class='ocrx_word' id='word_1_14' title='bbox 446 423 643 491; x_wconf 72' lang='lat' dir='ltr'><strong>anxiferas</strong></span> <span class='ocrx_word' id='word_1_15' title='bbox 662 444 774 490; x_wconf 87' lang='lat' dir='ltr'>curas</span> <span class='ocrx_word' id='word_1_16' title='bbox 793 424 970 508; x_wconf 73' lang='lat' dir='ltr'>requiete</span> <span class='ocrx_word' id='word_1_17' title='bbox 988 423 1184 508; x_wconf 82' lang='lat' dir='ltr'>relaxans,</span> 
     </span>
     <span class='ocr_line' id='line_1_4' title="bbox 218 511 1184 613; baseline 0 -36"><span class='ocrx_word' id='word_1_18' title='bbox 218 511 324 588; x_wconf 79' lang='lat' dir='ltr'>Quod</span> <span class='ocrx_word' id='word_1_19' title='bbox 349 513 503 598; x_wconf 75' lang='lat' dir='ltr'>patriae</span> <span class='ocrx_word' id='word_1_20' title='bbox 530 516 657 596; x_wconf 85' lang='lat' dir='ltr'>vacat,</span> <span class='ocrx_word' id='word_1_21' title='bbox 684 511 723 577; x_wconf 91' lang='lat' dir='ltr'>id</span> <span class='ocrx_word' id='word_1_22' title='bbox 745 511 888 577; x_wconf 89' lang='lat' dir='ltr'>studiis</span> <span class='ocrx_word' id='word_1_23' title='bbox 910 512 1101 613; x_wconf 72' lang='lat' dir='ltr'>nobisque</span> <span class='ocrx_word' id='word_1_24' title='bbox 1125 533 1184 577; x_wconf 88' lang='lat' dir='ltr'>sa·</span> 
     </span>
    </p>

    <p class='ocr_par' dir='ltr' id='par_1_3' title="bbox 174 603 1184 777">
     <span class='ocr_line' id='line_1_5' title="bbox 174 603 1184 777; baseline 0 -22"><span class='ocrx_word' id='word_1_25' title='bbox 174 688 224 755; x_wconf 85' lang='lat' dir='ltr'>Tu</span> <span class='ocrx_word' id='word_1_26' title='bbox 245 689 350 776; x_wconf 88' lang='lat' dir='ltr'>igitur</span> <span class='ocrx_word' id='word_1_27' title='bbox 372 689 517 765; x_wconf 89' lang='lat' dir='ltr'>animum</span> <span class='ocrx_word' id='word_1_28' title='bbox 540 689 664 775; x_wconf 87' lang='lat' dir='ltr'>poteris</span> <span class='ocrx_word' id='word_1_29' title='bbox 686 687 837 757; x_wconf 87' lang='lat' dir='ltr'>inducere</span> <span class='ocrx_word' id='word_1_30' title='bbox 859 622 981 777; x_wconf 68' lang='lat' dir='ltr'>contrac</span> <span class='ocrx_word' id='word_1_31' title='bbox 986 622 1048 774; x_wconf 51' lang='lat' dir='ltr'>id?</span> <span class='ocrx_word' id='word_1_32' title='bbox 1053 603 1145 774; x_wconf 67' lang='lat' dir='ltr'>tduae</span> <span class='ocrx_word' id='word_1_33' title='bbox 1163 711 1184 755; x_wconf 92' lang='lat' dir='ltr'>a</span> 
     </span>
    </p>
   </div>
   <div class='ocr_carea' id='block_1_3' title="bbox 122 776 1229 3604">
    <p class='ocr_par' dir='ltr' id='par_1_4' title="bbox 122 776 1229 3604">
     <span class='ocr_line' id='line_1_6' title="bbox 175 776 1225 864; baseline -0.006 -21"><span class='ocrx_word' id='word_1_34' title='bbox 175 799 227 843; x_wconf 91' lang='lat' dir='ltr'>me</span> <span class='ocrx_word' id='word_1_35' title='bbox 250 778 460 864; x_wconf 88' lang='lat' dir='ltr'>disputantur</span> <span class='ocrx_word' id='word_1_36' title='bbox 480 778 520 843; x_wconf 92' lang='lat' dir='ltr'>de</span> <span class='ocrx_word' id='word_1_37' title='bbox 543 778 751 863; x_wconf 75' lang='lat' dir='ltr'>divinatione,</span> <span class='ocrx_word' id='word_1_38' title='bbox 774 777 889 862; x_wconf 78' lang='lat' dir='ltr'>dicere,</span> <span class='ocrx_word' id='word_1_39' title='bbox 911 777 968 862; x_wconf 92' lang='lat' dir='ltr'>qui</span> <span class='ocrx_word' id='word_1_40' title='bbox 991 780 1024 843; x_wconf 94' lang='lat' dir='ltr'>et</span> <span class='ocrx_word' id='word_1_41' title='bbox 1043 776 1183 864; x_wconf 88' lang='lat' dir='ltr'>gesseris</span> <span class='ocrx_word' id='word_1_42' title='bbox 1210 796 1225 837; x_wconf 82' lang='lat' dir='ltr'>a</span> 
     </span>
     <span class='ocr_line' id='line_1_7' title="bbox 175 865 1184 953; baseline 0 -22"><span class='ocrx_word' id='word_1_43' title='bbox 175 888 226 950; x_wconf 92' lang='lat' dir='ltr'>ea,</span> <span class='ocrx_word' id='word_1_44' title='bbox 254 888 336 951; x_wconf 90' lang='lat' dir='ltr'>quae</span> <span class='ocrx_word' id='word_1_45' title='bbox 360 865 506 953; x_wconf 80' lang='lat' dir='ltr'>gessisti,</span> <span class='ocrx_word' id='word_1_46' title='bbox 529 869 563 931; x_wconf 88' lang='lat' dir='ltr'>et</span> <span class='ocrx_word' id='word_1_47' title='bbox 586 888 637 951; x_wconf 92' lang='lat' dir='ltr'>ea,</span> <span class='ocrx_word' id='word_1_48' title='bbox 661 887 743 951; x_wconf 87' lang='lat' dir='ltr'>quae</span> <span class='ocrx_word' id='word_1_49' title='bbox 765 865 989 952; x_wconf 84' lang='lat' dir='ltr'>pronuntiavi,</span> <span class='ocrx_word' id='word_1_50' title='bbox 1011 865 1184 932; x_wconf 88' lang='lat' dir='ltr'>accuratis·</span> 
     </span>
     <span class='ocr_line' id='line_1_8' title="bbox 122 951 1185 1040; baseline 0.006 -25"><span class='ocrx_word' id='word_1_51' title='bbox 122 966 155 1016; x_wconf 79' lang='lat'>2³</span> <span class='ocrx_word' id='word_1_52' title='bbox 175 977 266 1019; x_wconf 88' lang='lat' dir='ltr'>sume</span> <span class='ocrx_word' id='word_1_53' title='bbox 288 954 479 1040; x_wconf 79' lang='lat' dir='ltr'>scripseris?</span> <span class='ocrx_word' id='word_1_54' title='bbox 520 953 625 1030; x_wconf 79' lang='lat' dir='ltr'>Quid?</span> <span class='ocrx_word' id='word_1_55' title='bbox 649 953 788 1040; x_wconf 89' lang='lat' dir='ltr'>quaeris,</span> <span class='ocrx_word' id='word_1_56' title='bbox 810 951 1003 1038; x_wconf 79' lang='lat' dir='ltr'>Carneades,</span> <span class='ocrx_word' id='word_1_57' title='bbox 1026 976 1082 1020; x_wconf 91' lang='lat' dir='ltr'>cur</span> <span class='ocrx_word' id='word_1_58' title='bbox 1104 954 1185 1021; x_wconf 85' lang='lat' dir='ltr'>haec</span> 
     </span>
     <span class='ocr_line' id='line_1_9' title="bbox 174 1041 1185 1129; baseline -0.001 -20"><span class='ocrx_word' id='word_1_59' title='bbox 174 1043 222 1109; x_wconf 90' lang='lat' dir='ltr'>ita</span> <span class='ocrx_word' id='word_1_60' title='bbox 248 1043 329 1109; x_wconf 88' lang='lat' dir='ltr'>fiant</span> <span class='ocrx_word' id='word_1_61' title='bbox 356 1047 413 1109; x_wconf 90' lang='lat' dir='ltr'>aut</span> <span class='ocrx_word' id='word_1_62' title='bbox 440 1064 505 1128; x_wconf 87' lang='lat' dir='ltr'>qua</span> <span class='ocrx_word' id='word_1_63' title='bbox 527 1047 597 1108; x_wconf 90' lang='lat' dir='ltr'>arte</span> <span class='ocrx_word' id='word_1_64' title='bbox 619 1041 760 1129; x_wconf 80' lang='lat' dir='ltr'>perspici</span> <span class='ocrx_word' id='word_1_65' title='bbox 782 1042 932 1127; x_wconf 84' lang='lat' dir='ltr'>possint?</span> <span class='ocrx_word' id='word_1_66' title='bbox 976 1041 1110 1109; x_wconf 87' lang='lat' dir='ltr'>Nescire</span> <span class='ocrx_word' id='word_1_67' title='bbox 1133 1064 1185 1108; x_wconf 91' lang='lat' dir='ltr'>me</span> 
     </span>
     <span class='ocr_line' id='line_1_10' title="bbox 174 1129 1185 1217; baseline -0.001 -21"><span class='ocrx_word' id='word_1_68' title='bbox 174 1131 290 1216; x_wconf 88' lang='lat' dir='ltr'>fateor,</span> <span class='ocrx_word' id='word_1_69' title='bbox 312 1132 440 1197; x_wconf 86' lang='lat' dir='ltr'>evenire</span> <span class='ocrx_word' id='word_1_70' title='bbox 464 1135 572 1197; x_wconf 90' lang='lat' dir='ltr'>autem</span> <span class='ocrx_word' id='word_1_71' title='bbox 595 1135 628 1197; x_wconf 88' lang='lat' dir='ltr'>te</span> <span class='ocrx_word' id='word_1_72' title='bbox 651 1132 759 1217; x_wconf 91' lang='lat' dir='ltr'>ipsum</span> <span class='ocrx_word' id='word_1_73' title='bbox 777 1132 848 1197; x_wconf 87' lang='lat' dir='ltr'>dico</span> <span class='ocrx_word' id='word_1_74' title='bbox 866 1131 984 1198; x_wconf 83' lang='lat' dir='ltr'>videre.</span> <span class='ocrx_word' id='word_1_75' title='bbox 1021 1129 1116 1216; x_wconf 79' lang='lat' dir='ltr'>Casu,</span> <span class='ocrx_word' id='word_1_76' title='bbox 1137 1131 1185 1196; x_wconf 91' lang='lat' dir='ltr'>in·</span> 
     </span>
     <span class='ocr_line' id='line_1_11' title="bbox 174 1218 1226 1306; baseline -0.005 -22"><span class='ocrx_word' id='word_1_77' title='bbox 174 1221 259 1305; x_wconf 86' lang='lat' dir='ltr'>quis.</span> <span class='ocrx_word' id='word_1_78' title='bbox 294 1218 387 1285; x_wconf 85' lang='lat' dir='ltr'>Itane</span> <span class='ocrx_word' id='word_1_79' title='bbox 410 1220 509 1286; x_wconf 85' lang='lat' dir='ltr'>vero?</span> <span class='ocrx_word' id='word_1_80' title='bbox 533 1219 707 1305; x_wconf 90' lang='lat' dir='ltr'>quicquam</span> <span class='ocrx_word' id='word_1_81' title='bbox 728 1223 839 1306; x_wconf 87' lang='lat' dir='ltr'>potest</span> <span class='ocrx_word' id='word_1_82' title='bbox 861 1241 938 1285; x_wconf 89' lang='lat' dir='ltr'>casu</span> <span class='ocrx_word' id='word_1_83' title='bbox 961 1241 1032 1286; x_wconf 88' lang='lat' dir='ltr'>esse</span> <span class='ocrx_word' id='word_1_84' title='bbox 1050 1218 1226 1304; x_wconf 89' lang='lat' dir='ltr'>factum,1o</span> 
     </span>
     <span class='ocr_line' id='line_1_12' title="bbox 176 1305 1186 1394; baseline -0.001 -20"><span class='ocrx_word' id='word_1_85' title='bbox 176 1308 263 1394; x_wconf 92' lang='lat' dir='ltr'>quod</span> <span class='ocrx_word' id='word_1_86' title='bbox 285 1330 396 1374; x_wconf 90' lang='lat' dir='ltr'>omnes</span> <span class='ocrx_word' id='word_1_87' title='bbox 419 1307 521 1373; x_wconf 90' lang='lat' dir='ltr'>habet</span> <span class='ocrx_word' id='word_1_88' title='bbox 542 1309 577 1374; x_wconf 91' lang='lat' dir='ltr'>in</span> <span class='ocrx_word' id='word_1_89' title='bbox 600 1330 634 1375; x_wconf 91' lang='lat' dir='ltr'>se</span> <span class='ocrx_word' id='word_1_90' title='bbox 651 1329 804 1374; x_wconf 87' lang='lat' dir='ltr'>numeros</span> <span class='ocrx_word' id='word_1_91' title='bbox 821 1308 992 1375; x_wconf 85' lang='lat' dir='ltr'>veritatis?</span> <span class='ocrx_word' id='word_1_92' title='bbox 1023 1305 1186 1385; x_wconf 82' lang='lat' dir='ltr'>Quattuor</span> 
     </span>
     <span class='ocr_line' id='line_1_13' title="bbox 175 1394 1214 1482; baseline 0 -20"><span class='ocrx_word' id='word_1_93' title='bbox 175 1397 237 1462; x_wconf 88' lang='lat' dir='ltr'>tali</span> <span class='ocrx_word' id='word_1_94' title='bbox 258 1398 337 1463; x_wconf 91' lang='lat' dir='ltr'>iacti</span> <span class='ocrx_word' id='word_1_95' title='bbox 355 1419 433 1465; x_wconf 87' lang='lat' dir='ltr'>casu</span> <span class='ocrx_word' id='word_1_96' title='bbox 450 1394 810 1482; x_wconf 79' lang='lat' dir='ltr'>Venerium-efficiunt3</span> <span class='ocrx_word' id='word_1_97' title='bbox 831 1418 911 1463; x_wconf 89' lang='lat' dir='ltr'>num</span> <span class='ocrx_word' id='word_1_98' title='bbox 934 1397 1033 1462; x_wconf 86' lang='lat' dir='ltr'>etiam</span> <span class='ocrx_word' id='word_1_99' title='bbox 1056 1401 1185 1462; x_wconf 87' lang='lat' dir='ltr'>centum</span> <span class='ocrx_word' id='word_1_100' title='bbox 1211 1420 1214 1423; x_wconf 90' lang='lat'>·</span> 
     </span>
     <span class='ocr_line' id='line_1_14' title="bbox 174 1484 1185 1573; baseline -0.001 -22"><span class='ocrx_word' id='word_1_101' title='bbox 174 1484 347 1571; x_wconf 88' lang='lat' dir='ltr'>Venerios,</span> <span class='ocrx_word' id='word_1_102' title='bbox 370 1487 399 1552; x_wconf 90' lang='lat' dir='ltr'>si</span> <span class='ocrx_word' id='word_1_103' title='bbox 422 1486 676 1573; x_wconf 87' lang='lat' dir='ltr'>quadringentos</span> <span class='ocrx_word' id='word_1_104' title='bbox 698 1485 785 1552; x_wconf 88' lang='lat' dir='ltr'>talos</span> <span class='ocrx_word' id='word_1_105' title='bbox 807 1485 935 1569; x_wconf 80' lang='lat' dir='ltr'>iecoris,</span> <span class='ocrx_word' id='word_1_106' title='bbox 957 1508 1035 1552; x_wconf 87' lang='lat' dir='ltr'>casu</span> <span class='ocrx_word' id='word_1_107' title='bbox 1056 1484 1185 1551; x_wconf 86' lang='lat' dir='ltr'>futuros</span> 
     </span>
     <span class='ocr_line' id='line_1_15' title="bbox 175 1573 1185 1661; baseline -0.001 -21"><span class='ocrx_word' id='word_1_108' title='bbox 175 1575 294 1660; x_wconf 89' lang='lat' dir='ltr'>putas?</span> <span class='ocrx_word' id='word_1_109' title='bbox 327 1575 472 1661; x_wconf 87' lang='lat' dir='ltr'>Aspersa</span> <span class='ocrx_word' id='word_1_110' title='bbox 494 1578 615 1639; x_wconf 89' lang='lat' dir='ltr'>temere</span> <span class='ocrx_word' id='word_1_111' title='bbox 637 1574 807 1661; x_wconf 87' lang='lat' dir='ltr'>pigmenta</span> <span class='ocrx_word' id='word_1_112' title='bbox 823 1574 859 1639; x_wconf 90' lang='lat' dir='ltr'>in</span> <span class='ocrx_word' id='word_1_113' title='bbox 876 1574 990 1640; x_wconf 88' lang='lat' dir='ltr'>tabula</span> <span class='ocrx_word' id='word_1_114' title='bbox 1009 1574 1075 1640; x_wconf 89' lang='lat' dir='ltr'>oris</span> <span class='ocrx_word' id='word_1_115' title='bbox 1093 1573 1185 1639; x_wconf 89' lang='lat' dir='ltr'>linia·</span> 
     </span>
     <span class='ocr_line' id='line_1_16' title="bbox 175 1659 1227 1748; baseline -0.002 -19"><span class='ocrx_word' id='word_1_116' title='bbox 175 1668 287 1729; x_wconf 90' lang='lat' dir='ltr'>menta</span> <span class='ocrx_word' id='word_1_117' title='bbox 309 1663 435 1729; x_wconf 87' lang='lat' dir='ltr'>efficere</span> <span class='ocrx_word' id='word_1_118' title='bbox 457 1666 610 1748; x_wconf 81' lang='lat' dir='ltr'>possunt3</span> <span class='ocrx_word' id='word_1_119' title='bbox 631 1685 710 1728; x_wconf 91' lang='lat' dir='ltr'>num</span> <span class='ocrx_word' id='word_1_120' title='bbox 733 1662 833 1729; x_wconf 88' lang='lat' dir='ltr'>etiam</span> <span class='ocrx_word' id='word_1_121' title='bbox 851 1659 1093 1732; x_wconf 66' lang='lat' dir='ltr'>Veneris‘Ooae</span> <span class='ocrx_word' id='word_1_122' title='bbox 1116 1662 1227 1748; x_wconf 83' lang='lat' dir='ltr'>pul-1⁵</span> 
     </span>
     <span class='ocr_line' id='line_1_17' title="bbox 177 1748 1185 1837; baseline -0.002 -20"><span class='ocrx_word' id='word_1_123' title='bbox 177 1752 393 1818; x_wconf 75' lang='lat' dir='ltr'>claritudinem</span> <span class='ocrx_word' id='word_1_124' title='bbox 411 1751 496 1818; x_wconf 86' lang='lat' dir='ltr'>effici</span> <span class='ocrx_word' id='word_1_125' title='bbox 513 1772 609 1837; x_wconf 89' lang='lat' dir='ltr'>posse</span> <span class='ocrx_word' id='word_1_126' title='bbox 624 1751 810 1836; x_wconf 87' lang='lat' dir='ltr'>aspersione</span> <span class='ocrx_word' id='word_1_127' title='bbox 823 1750 963 1817; x_wconf 84' lang='lat' dir='ltr'>fortuita</span> <span class='ocrx_word' id='word_1_128' title='bbox 975 1751 1095 1836; x_wconf 87' lang='lat' dir='ltr'>putas?</span> <span class='ocrx_word' id='word_1_129' title='bbox 1124 1748 1185 1815; x_wconf 83' lang='lat' dir='ltr'>Sus</span> 
     </span>
     <span class='ocr_line' id='line_1_18' title="bbox 176 1839 1187 1926; baseline -0.002 -20"><span class='ocrx_word' id='word_1_130' title='bbox 176 1845 283 1906; x_wconf 91' lang='lat' dir='ltr'>rostro</span> <span class='ocrx_word' id='word_1_131' title='bbox 308 1840 336 1905; x_wconf 90' lang='lat' dir='ltr'>si</span> <span class='ocrx_word' id='word_1_132' title='bbox 358 1840 449 1905; x_wconf 89' lang='lat' dir='ltr'>humi</span> <span class='ocrx_word' id='word_1_133' title='bbox 470 1839 501 1905; x_wconf 81' lang='lat' dir='ltr'>A</span> <span class='ocrx_word' id='word_1_134' title='bbox 523 1841 668 1905; x_wconf 85' lang='lat' dir='ltr'>litteram</span> <span class='ocrx_word' id='word_1_135' title='bbox 690 1839 889 1926; x_wconf 88' lang='lat' dir='ltr'>inpresserit,</span> <span class='ocrx_word' id='word_1_136' title='bbox 911 1861 990 1906; x_wconf 88' lang='lat' dir='ltr'>num</span> <span class='ocrx_word' id='word_1_137' title='bbox 1012 1842 1187 1925; x_wconf 90' lang='lat' dir='ltr'>propterea</span> 
     </span>
     <span class='ocr_line' id='line_1_19' title="bbox 177 1927 1186 2014; baseline -0.001 -20"><span class='ocrx_word' id='word_1_138' title='bbox 177 1929 335 2014; x_wconf 88' lang='lat' dir='ltr'>suspicari</span> <span class='ocrx_word' id='word_1_139' title='bbox 366 1929 488 2014; x_wconf 90' lang='lat' dir='ltr'>poteris</span> <span class='ocrx_word' id='word_1_140' title='bbox 521 1927 784 1994; x_wconf 84' lang='lat' dir='ltr'>Andromacham</span> <span class='ocrx_word' id='word_1_141' title='bbox 815 1927 915 1993; x_wconf 86' lang='lat' dir='ltr'>Ennii</span> <span class='ocrx_word' id='word_1_142' title='bbox 946 1928 989 1993; x_wconf 87' lang='lat' dir='ltr'>ab</span> <span class='ocrx_word' id='word_1_143' title='bbox 1020 1950 1060 1993; x_wconf 87' lang='lat' dir='ltr'>ea</span> <span class='ocrx_word' id='word_1_144' title='bbox 1089 1949 1186 2013; x_wconf 89' lang='lat' dir='ltr'>posse</span> 
     </span>
     <span class='ocr_line' id='line_1_20' title="bbox 177 2013 1185 2103; baseline -0.002 -20"><span class='ocrx_word' id='word_1_145' title='bbox 177 2017 339 2083; x_wconf 77' lang='lat' dir='ltr'>describi?</span> <span class='ocrx_word' id='word_1_146' title='bbox 375 2016 538 2103; x_wconf 82' lang='lat' dir='ltr'>Fingebat</span> <span class='ocrx_word' id='word_1_147' title='bbox 561 2015 743 2082; x_wconf 81' lang='lat' dir='ltr'>Carneades</span> <span class='ocrx_word' id='word_1_148' title='bbox 766 2016 801 2081; x_wconf 90' lang='lat' dir='ltr'>in</span> <span class='ocrx_word' id='word_1_149' title='bbox 823 2013 979 2082; x_wconf 81' lang='lat' dir='ltr'>Chiorum</span> <span class='ocrx_word' id='word_1_150' title='bbox 1001 2015 1185 2102; x_wconf 88' lang='lat' dir='ltr'>lapicidinis</span> 
     </span>
     <span class='ocr_line' id='line_1_21' title="bbox 177 2104 1229 2190; baseline -0.007 -18"><span class='ocrx_word' id='word_1_151' title='bbox 177 2128 255 2172; x_wconf 84' lang='lat' dir='ltr'>saxo</span> <span class='ocrx_word' id='word_1_152' title='bbox 283 2104 408 2170; x_wconf 88' lang='lat' dir='ltr'>diffisso</span> <span class='ocrx_word' id='word_1_153' title='bbox 436 2109 534 2190; x_wconf 89' lang='lat' dir='ltr'>caput</span> <span class='ocrx_word' id='word_1_154' title='bbox 561 2105 708 2171; x_wconf 82' lang='lat' dir='ltr'>extitisse</span> <span class='ocrx_word' id='word_1_155' title='bbox 730 2104 873 2189; x_wconf 83' lang='lat' dir='ltr'>Panisci3</span> <span class='ocrx_word' id='word_1_156' title='bbox 901 2104 1010 2189; x_wconf 91' lang='lat' dir='ltr'>credo,</span> <span class='ocrx_word' id='word_1_157' title='bbox 1041 2104 1229 2190; x_wconf 80' lang='lat' dir='ltr'>aliquanao</span> 
     </span>
     <span class='ocr_line' id='line_1_22' title="bbox 176 2192 1186 2278; baseline -0.002 -18"><span class='ocrx_word' id='word_1_158' title='bbox 176 2217 243 2260; x_wconf 90' lang='lat' dir='ltr'>non</span> <span class='ocrx_word' id='word_1_159' title='bbox 267 2193 456 2260; x_wconf 88' lang='lat' dir='ltr'>dissimilem</span> <span class='ocrx_word' id='word_1_160' title='bbox 478 2193 626 2278; x_wconf 86' lang='lat' dir='ltr'>figuram,</span> <span class='ocrx_word' id='word_1_161' title='bbox 649 2192 706 2258; x_wconf 88' lang='lat' dir='ltr'>sed</span> <span class='ocrx_word' id='word_1_162' title='bbox 728 2196 814 2259; x_wconf 88' lang='lat' dir='ltr'>certe</span> <span class='ocrx_word' id='word_1_163' title='bbox 837 2214 904 2258; x_wconf 90' lang='lat' dir='ltr'>non</span> <span class='ocrx_word' id='word_1_164' title='bbox 925 2193 1035 2278; x_wconf 90' lang='lat' dir='ltr'>talem,</span> <span class='ocrx_word' id='word_1_165' title='bbox 1058 2197 1095 2258; x_wconf 89' lang='lat' dir='ltr'>nt</span> <span class='ocrx_word' id='word_1_166' title='bbox 1114 2215 1186 2259; x_wconf 93' lang='lat' dir='ltr'>eam</span> 
     </span>
     <span class='ocr_line' id='line_1_23' title="bbox 176 2278 1186 2367; baseline 0 -20"><span class='ocrx_word' id='word_1_167' title='bbox 176 2282 300 2348; x_wconf 81' lang='lat' dir='ltr'>factam</span> <span class='ocrx_word' id='word_1_168' title='bbox 322 2304 342 2347; x_wconf 92' lang='lat' dir='ltr'>a</span> <span class='ocrx_word' id='word_1_169' title='bbox 360 2279 466 2366; x_wconf 83' lang='lat' dir='ltr'>Scopa</span> <span class='ocrx_word' id='word_1_170' title='bbox 488 2282 619 2347; x_wconf 88' lang='lat' dir='ltr'>diceres.</span> <span class='ocrx_word' id='word_1_171' title='bbox 656 2278 710 2347; x_wconf 82' lang='lat' dir='ltr'>Sic</span> <span class='ocrx_word' id='word_1_172' title='bbox 733 2282 819 2347; x_wconf 88' lang='lat' dir='ltr'>enirn</span> <span class='ocrx_word' id='word_1_173' title='bbox 841 2302 876 2347; x_wconf 88' lang='lat' dir='ltr'>se</span> <span class='ocrx_word' id='word_1_174' title='bbox 894 2281 1041 2367; x_wconf 87' lang='lat' dir='ltr'>profecto</span> <span class='ocrx_word' id='word_1_175' title='bbox 1059 2302 1112 2347; x_wconf 90' lang='lat' dir='ltr'>res</span> <span class='ocrx_word' id='word_1_176' title='bbox 1130 2281 1186 2347; x_wconf 74' lang='lat' dir='ltr'>hs</span> 
     </span>
     <span class='ocr_line' id='line_1_24' title="bbox 128 2370 1159 2503; baseline -0.002 -67"><span class='ocrx_word' id='word_1_177' title='bbox 128 2372 243 2503; x_wconf 70' lang='lat' dir='ltr'>14bet,</span> <span class='ocrx_word' id='word_1_178' title='bbox 266 2375 304 2436; x_wconf 89' lang='lat' dir='ltr'>ut</span> <span class='ocrx_word' id='word_1_179' title='bbox 325 2392 503 2456; x_wconf 87' lang='lat' dir='ltr'>numquam</span> <span class='ocrx_word' id='word_1_180' title='bbox 525 2370 667 2456; x_wconf 86' lang='lat' dir='ltr'>perfecte</span> <span class='ocrx_word' id='word_1_181' title='bbox 689 2370 864 2436; x_wconf 84' lang='lat' dir='ltr'>veritatem</span> <span class='ocrx_word' id='word_1_182' title='bbox 886 2391 981 2471; x_wconf 75' lang='lat' dir='ltr'>casus</span> <span class='ocrx_word' id='word_1_183' title='bbox 1003 2370 1159 2472; x_wconf 77' lang='lat' dir='ltr'>imitetur.</span> 
     </span>
     <span class='ocr_line' id='line_1_25' title="bbox 126 2458 1228 2625; baseline -0.002 -11"><span class='ocrx_word' id='word_1_184' title='bbox 126 2518 159 2566; x_wconf 74' lang='lat'>²⁴</span> <span class='ocrx_word' id='word_1_185' title='bbox 178 2458 655 2625; x_wconf 57' lang='lat' dir='ltr'>alttfltllqlltl’</span> <span class='ocrx_word' id='word_1_186' title='bbox 670 2458 1056 2613; x_wconf 55' lang='lat' dir='ltr'>lltl&#39;lzllatl</span> <span class='ocrx_word' id='word_1_187' title='bbox 1075 2480 1186 2612; x_wconf 66' lang='lat' dir='ltr'>tlt}</span> <span class='ocrx_word' id='word_1_188' title='bbox 1200 2565 1228 2605; x_wconf 68' lang='lat' dir='ltr'>a</span> 
     </span>
     <span class='ocr_line' id='line_1_26' title="bbox 178 2636 1187 2723; baseline -0.003 -20"><span class='ocrx_word' id='word_1_189' title='bbox 178 2638 249 2704; x_wconf 91' lang='lat' dir='ltr'>dico</span> <span class='ocrx_word' id='word_1_190' title='bbox 273 2637 402 2721; x_wconf 89' lang='lat' dir='ltr'>artium,</span> <span class='ocrx_word' id='word_1_191' title='bbox 426 2659 508 2723; x_wconf 92' lang='lat' dir='ltr'>quae</span> <span class='ocrx_word' id='word_1_192' title='bbox 531 2636 717 2702; x_wconf 85' lang='lat' dir='ltr'>coniectura</span> <span class='ocrx_word' id='word_1_193' title='bbox 739 2636 946 2702; x_wconf 89' lang='lat' dir='ltr'>continentur</span> <span class='ocrx_word' id='word_1_194' title='bbox 968 2639 1002 2700; x_wconf 91' lang='lat' dir='ltr'>et</span> <span class='ocrx_word' id='word_1_195' title='bbox 1025 2640 1102 2701; x_wconf 88' lang='lat' dir='ltr'>sunt</span> <span class='ocrx_word' id='word_1_196' title='bbox 1120 2637 1187 2721; x_wconf 93' lang='lat' dir='ltr'>opi·</span> 
     </span>
     <span class='ocr_line' id='line_1_27' title="bbox 177 2724 1187 2810; baseline -0.003 -18"><span class='ocrx_word' id='word_1_197' title='bbox 177 2726 314 2793; x_wconf 88' lang='lat' dir='ltr'>nabiles.</span> <span class='ocrx_word' id='word_1_198' title='bbox 360 2726 413 2792; x_wconf 90' lang='lat' dir='ltr'>An</span> <span class='ocrx_word' id='word_1_199' title='bbox 445 2724 604 2790; x_wconf 87' lang='lat' dir='ltr'>medicina</span> <span class='ocrx_word' id='word_1_200' title='bbox 636 2747 690 2790; x_wconf 88' lang='lat' dir='ltr'>ars</span> <span class='ocrx_word' id='word_1_201' title='bbox 717 2746 784 2790; x_wconf 93' lang='lat' dir='ltr'>non</span> <span class='ocrx_word' id='word_1_202' title='bbox 811 2724 957 2810; x_wconf 88' lang='lat' dir='ltr'>putanda</span> <span class='ocrx_word' id='word_1_203' title='bbox 983 2724 1055 2790; x_wconf 90' lang='lat' dir='ltr'>est?</span> <span class='ocrx_word' id='word_1_204' title='bbox 1089 2746 1187 2810; x_wconf 87' lang='lat' dir='ltr'>quarn</span> 
     </span>
     <span class='ocr_line' id='line_1_28' title="bbox 177 2810 1187 2899; baseline -0.004 -18"><span class='ocrx_word' id='word_1_205' title='bbox 177 2820 288 2881; x_wconf 87' lang='lat' dir='ltr'>tamen</span> <span class='ocrx_word' id='word_1_206' title='bbox 311 2815 416 2879; x_wconf 88' lang='lat' dir='ltr'>multa</span> <span class='ocrx_word' id='word_1_207' title='bbox 437 2814 565 2879; x_wconf 82' lang='lat' dir='ltr'>fallunt.</span> <span class='ocrx_word' id='word_1_208' title='bbox 610 2810 715 2889; x_wconf 85' lang='lat' dir='ltr'>Quid?</span> <span class='ocrx_word' id='word_1_209' title='bbox 743 2813 976 2899; x_wconf 86' lang='lat' dir='ltr'>gubernatores</span> <span class='ocrx_word' id='word_1_210' title='bbox 998 2835 1106 2879; x_wconf 90' lang='lat' dir='ltr'>nonne</span> <span class='ocrx_word' id='word_1_211' title='bbox 1127 2811 1187 2878; x_wconf 83' lang='lat' dir='ltr'>fal·</span> 
     </span>
     <span class='ocr_line' id='line_1_29' title="bbox 177 2901 1188 2970; baseline -0.002 0"><span class='ocrx_word' id='word_1_212' title='bbox 177 2903 313 2970; x_wconf 87' lang='lat' dir='ltr'>luntur?</span> <span class='ocrx_word' id='word_1_213' title='bbox 344 2904 399 2968; x_wconf 85' lang='lat' dir='ltr'>An</span> <span class='ocrx_word' id='word_1_214' title='bbox 411 2903 611 2968; x_wconf 79' lang='lat' dir='ltr'>Achivorum</span> <span class='ocrx_word' id='word_1_215' title='bbox 633 2901 793 2968; x_wconf 84' lang='lat' dir='ltr'>exercitus</span> <span class='ocrx_word' id='word_1_216' title='bbox 816 2904 849 2966; x_wconf 90' lang='lat' dir='ltr'>et</span> <span class='ocrx_word' id='word_1_217' title='bbox 866 2905 919 2967; x_wconf 93' lang='lat' dir='ltr'>tot</span> <span class='ocrx_word' id='word_1_218' title='bbox 935 2901 1068 2967; x_wconf 85' lang='lat' dir='ltr'>navium</span> <span class='ocrx_word' id='word_1_219' title='bbox 1086 2905 1188 2968; x_wconf 91' lang='lat' dir='ltr'>recto·</span> 
     </span>
     <span class='ocr_line' id='line_1_30' title="bbox 178 2989 1229 3077; baseline 0 -21"><span class='ocrx_word' id='word_1_220' title='bbox 178 3013 230 3057; x_wconf 87' lang='lat' dir='ltr'>res</span> <span class='ocrx_word' id='word_1_221' title='bbox 260 3012 327 3057; x_wconf 91' lang='lat' dir='ltr'>non</span> <span class='ocrx_word' id='word_1_222' title='bbox 355 2991 404 3056; x_wconf 90' lang='lat' dir='ltr'>ita</span> <span class='ocrx_word' id='word_1_223' title='bbox 430 2990 569 3077; x_wconf 80' lang='lat' dir='ltr'>proiecti</span> <span class='ocrx_word' id='word_1_224' title='bbox 596 2993 672 3055; x_wconf 88' lang='lat' dir='ltr'>sunt</span> <span class='ocrx_word' id='word_1_225' title='bbox 699 2990 741 3057; x_wconf 89' lang='lat' dir='ltr'>ab</span> <span class='ocrx_word' id='word_1_226' title='bbox 763 2989 838 3073; x_wconf 91' lang='lat' dir='ltr'>llio,</span> <span class='ocrx_word' id='word_1_227' title='bbox 867 2993 905 3055; x_wconf 90' lang='lat' dir='ltr'>ut</span> <span class='ocrx_word' id='word_1_228' title='bbox 927 2989 1229 3076; x_wconf 73' lang='lat' dir='ltr'>‘profectiones</span> 
     </span>
     <span class='ocr_line' id='line_1_31' title="bbox 179 3077 1188 3196; baseline -0.002 -50"><span class='ocrx_word' id='word_1_229' title='bbox 179 3080 277 3146; x_wconf 89' lang='lat' dir='ltr'>laeti</span> <span class='ocrx_word' id='word_1_230' title='bbox 299 3079 463 3196; x_wconf 70' lang='lat' dir='ltr'>piscium</span> <span class='ocrx_word' id='word_1_231' title='bbox 485 3078 691 3182; x_wconf 77' lang='lat' dir='ltr'>lasciviam</span> <span class='ocrx_word' id='word_1_232' title='bbox 712 3077 985 3162; x_wconf 86' lang='lat' dir='ltr'>intuerentur&#39;,</span> <span class='ocrx_word' id='word_1_233' title='bbox 1007 3081 1045 3143; x_wconf 92' lang='lat' dir='ltr'>ut</span> <span class='ocrx_word' id='word_1_234' title='bbox 1064 3078 1111 3194; x_wconf 72' lang='lat' dir='ltr'>ait</span> <span class='ocrx_word' id='word_1_235' title='bbox 1128 3078 1188 3144; x_wconf 89' lang='lat' dir='ltr'>Pa·</span> 
     </span>
     <span class='ocr_line' id='line_1_32' title="bbox 178 3166 1188 3344; baseline -0.002 -22"><span class='ocrx_word' id='word_1_236' title='bbox 178 3166 1188 3344; x_wconf 50' lang='lat' dir='ltr'>Illae?⁶,llll?lttllzllllltlllsllaa</span> 
     </span>
     <span class='ocr_line' id='line_1_33' title="bbox 984 3365 1086 3409; baseline -0.02 0"><span class='ocrx_word' id='word_1_237' title='bbox 984 3365 1086 3409; x_wconf 91' lang='lat' dir='ltr'>mare</span> 
     </span>
     <span class='ocr_line' id='line_1_34' title="bbox 223 3393 1187 3519; baseline -0.001 -20"><span class='ocrx_word' id='word_1_238' title='bbox 223 3432 421 3500; x_wconf 73' lang='lat' dir='ltr'>Tenebrae</span> <span class='ocrx_word' id='word_1_239' title='bbox 448 3432 772 3519; x_wconf 74' lang='lat' dir='ltr'>conduplicantur</span> <span class='ocrx_word' id='word_1_240' title='bbox 798 3429 1003 3516; x_wconf 86' lang='lat' dir='ltr'>noctisque</span> <span class='ocrx_word' id='word_1_241' title='bbox 1030 3434 1068 3498; x_wconf 76' lang='lat' dir='ltr'>et</span> <span class='ocrx_word' id='word_1_242' title='bbox 1090 3393 1187 3497; x_wconf 68' lang='lat' dir='ltr'>irim-</span> 
     </span>
     <span class='ocr_line' id='line_1_35' title="bbox 644 3519 1099 3604; baseline 0.004 -20"><span class='ocrx_word' id='word_1_243' title='bbox 644 3521 731 3584; x_wconf 89' lang='lat' dir='ltr'>bum</span> <span class='ocrx_word' id='word_1_244' title='bbox 754 3520 933 3585; x_wconf 79' lang='lat' dir='ltr'>occaeett</span> <span class='ocrx_word' id='word_1_245' title='bbox 954 3519 1099 3604; x_wconf 90' lang='lat' dir='ltr'>nigror.</span> 
     </span>
    </p>
   </div>
   <div class='ocr_carea' id='block_1_4' title="bbox 0 0 1334 3920">
    <p class='ocr_par' dir='ltr' id='par_1_5' title="bbox 0 0 1334 3920">
     <span class='ocr_line' id='line_1_36' title="bbox 0 0 1334 3920; baseline 0 0"><span class='ocrx_word' id='word_1_246' title='bbox 0 0 1334 3920; x_wconf 95' lang='lat' dir='ltr'> </span> 
     </span>
    </p>
   </div>
  </div>
 </body>
</html>
