2652 3908
398 218 463 276 niu.
487 218 533 275 111.
553 218 630 276 oAP.
649 225 745 277 e-ro.
769 225 917 287 cao-25.
1103 220 1165 285 115

158 363 320 430 fidicinem
343 362 443 430 etiam
465 367 500 430 et
521 363 707 448 tubicinem,
730 363 884 448 quoniam
907 385 1018 431 earum
1042 384 1169 451 quoque

160 452 280 518 artium
298 453 446 518 homines
464 471 503 518 ex
522 473 560 518 eo
578 453 812 538 procreantur?
839 451 933 519 Nihil
946 453 1049 540 igitur
1064 453 1170 519 adfert

158 546 253 627 pater
275 542 338 606 iste
356 537 548 624 Stoicorum,
571 562 671 625 quare
694 540 849 608 mundum
867 543 994 609 ratione
1011 540 1061 608 uti
1079 545 1169 628 pute

159 648 241 714 mus,
263 651 304 695 ne
327 650 385 696 cur
407 628 606 694 animantem
629 628 758 714 quidem
781 651 859 696 esse.
896 628 973 696 Non
994 633 1047 697 est
1068 631 1170 716 igitur

133 718 298 787 amundus
321 718 409 802 deus,
432 721 465 783 et
487 719 598 783 tamen
618 717 702 782 nihil
726 722 837 784 osteo
860 717 991 803 melius3
1013 719 1096 784 nihil
1120 722 1170 785 est

160 806 246 872 enim
265 827 302 872 eo
316 805 494 891 pulchrius,
511 805 595 871 nihil
610 806 787 872 salutarius
800 807 905 892 nobis,
922 807 1006 872 nihil
1023 807 1169 874 ornatius

159 897 293 980 aspectu
316 898 470 979 motuque
493 894 706 961 constantius.
747 893 869 971 Quodsi
887 896 1025 961 mundus
1044 895 1170 961 univer·

160 1004 215 1049 sus
232 1004 298 1048 non
317 987 368 1048 est
386 983 473 1068 deus,
491 1005 532 1048 ne
550 982 667 1049 stellae
685 982 823 1069 quidem,
843 1005 924 1069 quas
937 987 975 1049 tu
988 984 1170 1050 innumera*

160 1071 236 1137 bilis
259 1071 293 1136 in
316 1070 449 1137 deorum
471 1092 606 1138 numero
629 1072 818 1157 reponebas,
841 1094 978 1157 quarum
1000 1076 1034 1138 te
1057 1093 1169 1140 cursus

121 1181 146 1221 ro
160 1159 346 1245 aequabiles
370 1160 557 1245 aeternique
584 1159 803 1244 delectabant,
833 1181 895 1226 nec
918 1161 1101 1228 mehercule
1123 1161 1170 1226 in·

100 1319 102 1324 ,
160 1248 257 1332 iuria3
284 1252 361 1313 sunt
388 1248 475 1314 enim
502 1247 687 1315 admirabili
709 1247 954 1334 incredibilique
977 1249 1169 1316 constantia.

160 1334 223 1403 Sed
239 1359 306 1403 non
325 1336 442 1421 omnia,
460 1335 573 1421 Balbe,
592 1358 674 1421 quae
692 1358 805 1403 cursus
819 1342 925 1404 certos
940 1342 973 1403 et
987 1337 1167 1404 constantis
1186 1350 1221 1402 24

160 1425 295 1510 habent,
324 1446 363 1491 ea
389 1426 448 1491 deo
476 1426 586 1511 potius
609 1425 781 1491 tribuenda
803 1429 881 1491 sunt
903 1448 1001 1511 quam
1023 1431 1168 1492 naturae.

161 1512 244 1590 Quid
275 1512 460 1581 Chalcidico
487 1513 612 1599 Euripo
641 1513 676 1578 iu
704 1517 796 1580 motu
825 1513 1001 1580 identidem
1030 1515 1168 1600 recipro·
1182 1521 1221 1586 10

124 1621 148 1663 a
162 1603 264 1669 cando
291 1606 389 1688 putas
415 1602 487 1667 fieri
509 1623 606 1687 posse
629 1602 853 1668 constantius?
883 1602 961 1687 quid
983 1601 1068 1670 freto
1094 1602 1169 1669 Sici-

162 1690 279 1757 liensi?
303 1690 381 1775 quid
404 1690 523 1757 Oceani
545 1688 673 1756 fervore
695 1690 764 1755 illis
787 1690 821 1755 in
844 1691 934 1777 locis,

204 1813 396 1899 Europam
409 1813 646 1901 Libyamque
664 1836 784 1899 rapax
801 1813 868 1880 ubi
887 1814 1029 1882 dividit
1047 1815 1169 1883 unda?

163 1954 267 2032 Quid?
290 1959 400 2022 aestus
422 1955 579 2021 maritimi
597 1955 650 2022 vel
668 1955 902 2042 Hispanienses
920 1957 972 2023 vel
988 1954 1170 2025 Britannici

163 2066 335 2130 eorumque
359 2045 455 2111 certis
478 2045 680 2130 temporibus
703 2044 756 2110 vel
780 2066 927 2112 accessus
949 2046 1002 2111 vel
1024 2068 1169 2113 recessus

123 2134 231 2199 asine
260 2133 413 2199 deo-fieri
434 2154 501 2199 non
523 2132 682 2219 possunt?
727 2132 824 2219 Vide,
851 2154 985 2219 quaeso,
1013 2135 1041 2201 si
1064 2135 1169 2202 omnis

162 2225 271 2289 motus
291 2222 472 2306 omniaque,
491 2242 573 2306 quae
587 2221 684 2288 certis
699 2222 901 2308 temporibus
916 2222 1062 2289 ordinem
1076 2245 1169 2290 suum

162 2314 364 2395 conservant,
387 2310 496 2375 divina
514 2309 659 2396 dicimus,
680 2330 721 2375 ne
740 2311 898 2376 tertianas
918 2333 1045 2397 quoque
1062 2310 1170 2377 febres

162 2403 196 2465 et
216 2402 393 2485 quartanas
413 2397 538 2464 divinas
557 2420 627 2464 esse
646 2398 814 2465 dicendum
834 2399 887 2484 sit,
910 2422 1047 2484 quarum
1064 2421 1170 2466 rever·

162 2486 253 2554 sione
276 2491 310 2552 et
332 2490 423 2554 motu
447 2486 524 2571 quid
546 2490 657 2574 potest
679 2509 749 2554 esse
768 2488 993 2555 constantius?
1023 2485 1086 2554 Sed
1104 2510 1170 2554 om·

122 2576 252 2642 unium
283 2575 400 2642 talium
431 2595 540 2640 rerum
572 2575 657 2642 ratio
689 2575 851 2643 reddenda
883 2580 941 2642 est.
991 2574 1083 2652 Quod
1110 2598 1169 2642 vos
1188 2589 1221 2640 aa

162 2686 235 2732 cum
258 2664 364 2730 lacere
385 2684 453 2729 non
472 2664 620 2750 potestis,
643 2668 811 2749 tamquam
828 2664 864 2731 in
882 2686 974 2732 mam
992 2663 1169 2752 confugitis

162 2752 329 2819 addeum.

227 2841 274 2907 Et
295 2839 497 2928 Chrysippus
524 2840 587 2907 tibi
614 2845 707 2910 acute
731 2841 836 2908 dicere
857 2840 1042 2927 videbatur,
1071 2841 1169 2909 homo

163 2929 232 2996 sine
255 2929 353 2997 dubio
375 2932 527 2996 versutus
549 2933 584 2995 et
606 2930 743 2997 callidus
767 2927 930 3018 (versutos
953 2951 1009 2997 ecs
1030 2931 1170 3017 appello,

121 3034 149 3077 ω
163 3041 301 3104 quorum
324 3018 473 3086 celeriter
494 3039 586 3084 mens
608 3022 771 3103 versatur,
794 3017 929 3085 callidos
952 3020 1070 3104 autem,
1094 3041 1170 3104 quo

161 3129 247 3191 rum,
275 3111 443 3192 tamquam
466 3128 581 3173 manus
605 3128 715 3193 opere,
742 3107 789 3173 sic
811 3106 939 3173 animus
962 3128 1024 3174 usu
1046 3108 1171 3175 concal-

162 3193 253 3283 luit),
279 3196 308 3262 is
335 3196 451 3284 igitur:
480 3192 531 3261 ‘Si
553 3194 677 3280 aliquid
699 3194 777 3281 cst',
798 3193 919 3281 inquit,
946 3193 1049 3281 ‘quod
1071 3196 1170 3263 homo

161 3284 289 3352 efficere
310 3305 378 3351 non
399 3283 519 3372 possit,
542 3283 598 3369 qui
620 3283 654 3349 id
676 3282 791 3369 efficit,
813 3284 930 3351 melior
952 3288 1003 3351 est
1025 3283 1170 3370 homine;

161 3372 260 3440 homo
284 3376 393 3439 autem
415 3373 508 3458 haec,
536 3370 675 3457 quaein
697 3372 817 3439 mundo
841 3376 930 3459 sunt,
955 3372 1082 3439 efficere
1103 3393 1170 3439 uon

120 3465 285 3618 ³⁶cru
308 3460 499 3637 aitrau
512 3459 1170 3636 ,irenaceorumcrau

830 3703 832 3709 .
920 3653 957 3706 θ’
