2654 3912
201 198 267 263 370
431 155 433 160 ²
573 197 621 252 111
639 198 688 252 nn
706 197 861 254 11111111

200 344 331 407 ianuam
357 343 514 409 mendacio
534 342 736 426 polluerant?
772 343 861 409 Haec
886 345 1048 426 qnoniam,
1075 345 1153 411 dam
1179 346 1222 410 de

63 490 67 500 .
201 431 365 497 Platonico
386 432 452 497 Ere
478 432 647 512 iactantem,
674 433 768 497 etiam
789 433 920 514 qnietem
941 433 1092 514 Africani
1112 435 1221 499 nostri

200 521 385 586 somniantis
405 521 564 600 innuant,
685 522 864 587 resistamns
886 522 1021 604 arpenti,
1043 525 1073 587 et
1091 520 1221 602 frastra

201 628 333 691 arpnens
354 609 526 689 refellatur,
552 613 589 673 nt
613 629 679 673 nna
700 609 860 674 calomnia
883 610 1033 675 dissoluta
1053 610 1221 690 ntriasqne

199 695 317 777 factam
339 697 530 776 incolomem,
551 702 588 762 nt
606 696 659 778 fas
680 703 732 776 est,
754 700 885 763 retineat
905 698 1096 782 dipnitatem.
1123 698 1248 782 (Ma-s

201 786 321 851 orobins
342 791 498 851 comment.
520 786 556 849 in
577 805 674 851 somn.
696 785 779 868 Soip.
801 785 827 850 I
844 791 873 851 1.
896 790 994 853 8-2.
1016 787 1061 871 5.)

135 916 137 921 ,
161 848 183 974 ξ
268 872 443 956 Scipionem
460 875 562 957 msam
580 873 654 940 baec
666 876 781 940 occasio
794 875 837 940 ad
848 876 1046 940 narrandam
1058 877 1221 941 somnium

195 964 387 1045 provocarit,
418 963 500 1044 qnod
530 963 619 1046 tonpo
650 968 781 1046 tempore
810 982 843 1028 se
874 968 999 1030 testatas
1024 969 1069 1029 est
1092 965 1220 1030 silentio

201 1051 378 1116 condidisse.
415 1048 494 1116 Onm
516 1052 598 1116 enim
615 1051 743 1118 Laelios
763 1052 1061 1134 praedurantes
1078 1052 1220 1120 Nasicae

200 1143 321 1204 statuas
346 1140 382 1203 in
402 1139 526 1222 publico
554 1141 588 1204 in
616 1140 766 1221 interfecti
788 1141 916 1244 tyranni
937 1142 1220 1207 remunerationem
1235 1159 1259 1199 ιο

202 1228 329 1306 locatas,
360 1229 517 1311 respondit
537 1226 640 1313 Scipio
660 1233 735 1311 post
722 1229 868 1293 tatia'
854 1250 890 1293 m
916 1228 990 1295 haec
1011 1230 1118 1294 cerba:
1151 1226 1219 1295 Sed

203 1336 399 1417 quamquam
418 1316 619 1401 sapientibus
638 1317 802 1382 conscient
803 1317 835 1382 ia
853 1317 926 1402 ipsa
943 1316 1106 1383 factorum
1123 1339 1219 1404 egre

201 1403 331 1490 giorum
363 1405 601 1490 amplissimum
632 1405 764 1471 virtutis
797 1409 847 1470 est
875 1406 1070 1491 praemium,
1101 1410 1220 1472 tamen

201 1492 261 1557 illa
284 1493 393 1558 divina
415 1493 519 1559 virtus
542 1497 660 1558 nonst
662 1497 755 1558 etuas
773 1494 908 1579 plumbo
927 1494 1098 1560 inhaerent
1084 1498 1134 1560 tes
1153 1517 1218 1561 nec

117 1615 119 1619 ·
202 1581 385 1666 triumphos
416 1582 636 1648 arescentibus
663 1582 798 1667 laureis,
831 1582 888 1648 sed
915 1583 1087 1648 stabiliora
1115 1601 1258 1668 quae-1⁶

202 1669 277 1734 dam
300 1674 333 1734 et
355 1670 510 1736 viridiora
532 1670 750 1755 praemiorum
774 1692 893 1757 genera
916 1671 1085 1736 desiderat.
1123 1670 1218 1748 Quae

202 1758 333 1823 tandem
356 1758 421 1824 ista
444 1762 533 1841 sunt,
556 1759 661 1844 inquit
684 1758 836 1824 Laelius?
872 1758 956 1824 Tum
980 1757 1101 1845 Scipio:
1124 1759 1218 1826 Pati-

202 1847 282 1912 mini
309 1869 374 1932 me,
402 1847 555 1932 quoniam
583 1848 716 1913 tertium
745 1847 830 1912 diem
859 1847 925 1913 iam
953 1847 1063 1914 feriati
1091 1870 1217 1934 sumus,

202 1940 231 2001 et
251 1940 357 2015 cetera,
378 1937 488 2018 carbas
509 1938 553 2015 od
573 1938 784 2002 narrationem
801 1938 915 2002 somnii
931 1939 1014 2002 uenit
1030 1938 1138 2003 docem
1155 1939 1218 2003 iila

201 2043 264 2090 esse
276 2025 445 2090 stabiliora
466 2029 496 2090 et
516 2026 667 2090 viridiora
682 2026 895 2107 praemiorum
909 2045 1031 2108 penora,
1053 2045 1132 2108 qnae
1147 2028 1218 2108 ipse
1231 2044 1258 2084 2⁰

201 2113 326 2179 uidisset
346 2114 384 2176 in
403 2113 484 2178 caeto
506 2113 593 2179 bonis
614 2133 719 2178 rernm
735 2114 935 2196 pnbticarnm
951 2119 1075 2179 seruata
1091 2116 1217 2181 reatori·

202 2201 265 2267 tna
302 2200 679 2285 (Maronianae.)

573 2409 837 2481 SOMNIUM.

144 2535 218 2606 sn)
264 2551 347 2621 Cum
377 2553 412 2619 in
434 2553 581 2619 Africam
603 2554 765 2620 venissem
787 2555 839 2621 Μ’.
861 2554 997 2621 Manilio
1021 2557 1147 2622 consuli
1170 2558 1215 2624 ad

167 2613 354 2730 ⁹quartam
376 2643 539 2729 legionem
561 2643 724 2728 tribunus,
752 2648 789 2709 ut
812 2643 917 2729 scitis,
945 2644 1099 2730 militum,
1126 2645 1214 2712 nihil

203 2732 283 2798 mihi
314 2732 377 2797 luit
362 2732 532 2816 ipatius,
568 2753 665 2815 qnam
697 2735 734 2797 111
719 2731 971 2798 tMasinissam
1004 2734 1212 2800 convenirem
1226 2751 1256 2793 2⁶

202 2842 322 2908 regem,
347 2820 490 2886 familiae
512 2819 677 2885 nostrae
667 2820 1213 2889 1111111111111111111111111111111.

202 2910 255 2975 Ad
278 2931 374 2995 quem
398 2908 544 2993 nivoni,
571 2909 746 3010 conplexus
771 2931 822 2974 me
845 2931 942 2974 senex
965 2911 1214 2977 conlacrimavit

97 3011 101 3019 “
202 3000 434 3083 aliquantoque
456 3000 533 3084 post
556 2997 700 3081 suspexit
722 2997 764 3063 ad
786 2998 912 3064 caelum
935 3001 981 3063 et:
1010 2997 1214 3084 (111111111-

203 3086 371 3172 quit‚tttibi
393 3107 471 3173 ago,
494 3107 619 3150 summe
642 3082 707 3170 Sol,
730 3086 896 3172 vobisque,
918 3087 1036 3171 reliqui
1060 3050 1212 3190 Caelites,

203 3136 1120 3262 11111111111111111111111111311,111111111ίοὶ1
1137 3199 1211 3243 meo
1225 3193 1257 3235 ³⁰

201 3285 302 3351 regno
326 3267 359 3330 et
344 3262 434 3328 this
453 3262 548 3328 tect1s
566 3260 601 3327 P
620 3259 806 3327 Cornelium
825 3259 1017 3349 Scipionem,
1039 3264 1129 3330 cuius
1149 3286 1212 3352 ego

201 3353 331 3418 nomine
354 3352 426 3436 ipso
449 3372 590 3503 recreor,
612 3350 723 3436 itaque
744 3373 921 3437 numquam
944 3373 984 3418 11
1006 3353 1115 3419 animo
1138 3376 1212 3420 meo

201 3440 337 3506 discedit
358 3440 447 3505 illius
471 3442 528 3524 opt
529 3439 587 3503 imi
610 3442 708 3523 atque
730 3439 936 3506 invictissimi
957 3440 1021 3507 viri
1044 3442 1212 3508 memoria.

196 3528 324 3594 Deinde
348 3549 409 3614 ego
432 3527 526 3591 illum
549 3527 588 3592 de
612 3548 670 3592 suo
693 3549 803 3614 regno,
827 3528 883 3594 ille
906 3550 958 3594 me
982 3529 1020 3594 de
1043 3534 1158 3595 nostra
1175 3552 1212 3596 re
