2652 3920
165 198 228 264 166
516 196 566 252 DE
585 197 828 253 DIVINATIONE

154 347 373 429 ,pateramque
405 343 544 407 rettulit.
590 341 660 418 Quo
690 343 777 410 facto
805 343 919 409 fanum
946 343 1028 408 illud
1055 342 1176 409 Indicis

131 432 313 586 6Hergulis
335 431 539 584 agminagrm
563 435 622 496 est.
983 520 1003 585 d

253 521 291 587 ed
327 519 361 585 ui
396 541 458 586 eo
503 521 692 586 raecorum‘?
714 521 823 587 neseio
865 543 907 587 uo
927 543 981 587 mo
1004 542 1093 586 ome
1109 543 1176 586 ma

109 578 144 629 ⁶⁶
163 610 214 696 gis
227 542 342 676 nostia
355 542 527 673 delegctant.
557 606 677 673 Omnes
691 609 754 675 hoo
767 542 925 693 histdrici,
943 607 1047 693 Fabii,
1066 608 1176 694 Gellii,

163 698 219 764 sed
236 719 393 784 proxume
407 694 551 764 Coelius:
569 695 652 762 Cum
670 698 756 763 bello
770 697 888 764 Latino
908 698 977 763 ludi
991 698 1095 764 votivi
1109 721 1175 763 ma·
1189 717 1203 759 5

162 788 251 852 xumi
269 787 412 872 primum
430 785 555 869 fierent,
578 785 692 851 civitas
712 786 753 852 ad
771 808 865 853 arma
882 790 1015 871 repente
1029 791 1081 852 est
1094 787 1175 852 exei-

162 879 242 959 tata,
255 873 367 959 itaque
381 873 467 939 ludis
481 873 675 939 intermissis
690 874 899 940 instaurativi
909 875 1080 941 constituti
1090 879 1175 940 sunt.

163 962 225 1039 Qui
239 968 314 1029 ante
329 984 427 1046 quam
440 962 564 1046 fierent,
582 984 718 1047 cumque
732 963 799 1028 iam
812 964 954 1049 populus
967 963 1178 1048 consedisset*

163 1073 274 1118 servus
297 1073 356 1136 per
379 1050 513 1134 circum,
541 1072 614 1115 cum
637 1051 740 1138 virgis
764 1052 960 1135 caederetur,
981 1052 1108 1118 furcam
1130 1052 1175 1117 fe

162 1163 237 1206 rens
264 1140 379 1205 ductus
407 1142 466 1204 est.
511 1137 598 1203 Exin
625 1140 751 1205 cuidam
779 1141 900 1206 rustico
927 1140 1075 1206 Romano
1103 1141 1174 1207 dor·
1189 1161 1217 1202 ro

162 1228 277 1294 mienti
295 1228 384 1294 visua
403 1231 454 1293 est
471 1227 589 1311 venire,
612 1229 667 1313 qui
686 1229 806 1295 diceret
824 1230 1008 1313 praesulem
1027 1229 1091 1295 sibi
1108 1251 1177 1295 non

163 1318 323 1403 placuisse
346 1316 445 1400 ludis,
468 1316 565 1400 idque
588 1317 630 1381 ab
654 1317 765 1382 eodem
788 1317 913 1382 iussum
936 1339 1007 1383 esse
1030 1340 1104 1383 eum
1128 1339 1176 1383 se·

162 1407 255 1473 natui
281 1404 445 1488 nuntiare;
475 1405 571 1469 illum
597 1427 663 1470 non
687 1427 761 1493 esse
790 1428 912 1471 ausum.
957 1405 1081 1472 Iterum
1104 1427 1175 1472 esse

162 1496 248 1562 idem
270 1495 395 1560 iussum
418 1496 452 1558 et
474 1494 648 1577 monitum,
677 1515 719 1559 ne
740 1493 809 1559 vim
832 1516 925 1560 suam
947 1494 1087 1581 experiri
1108 1494 1174 1560 vel-

161 1586 222 1669 let3
243 1605 285 1650 ne
303 1587 375 1648 tum
393 1581 522 1667 quidem
541 1603 612 1647 esse
630 1604 753 1647 ausum.
789 1582 875 1648 Exin
892 1583 996 1648 filium
1016 1583 1084 1648 eius
1103 1604 1173 1648 esse
1188 1602 1215 1643 ιο

163 1677 336 1756 mortuum,
359 1671 494 1736 eandem
516 1670 551 1734 in
573 1671 696 1735 somnis
720 1671 974 1737 admonitionem
992 1671 1093 1737 fuisse
1110 1676 1174 1737 ter-

161 1764 251 1828 tiam.
288 1761 371 1825 Tum
394 1760 488 1825 illum
512 1758 613 1823 etiam
636 1759 775 1824 debilem
798 1760 922 1825 factum
944 1782 1013 1824 rem
1037 1761 1078 1825 ad
1096 1761 1174 1825 ami·

161 1873 216 1918 cos
240 1849 405 1933 detulisse,
428 1868 567 1932 quorum
590 1847 629 1912 de
648 1848 810 1913 sententia
828 1849 980 1914 lecticula
998 1849 1033 1913 in
1051 1850 1174 1914 curiam

162 1962 231 2005 esse
261 1938 419 2021 delatum,
447 1957 583 2020 eumque
612 1936 739 2001 senatui
762 1938 924 2002 somnium
947 1938 1174 2022 enarravisset,

161 2027 296 2114 pedibus
316 2026 383 2090 suis
402 2025 530 2091 salvum
549 2023 680 2089 domurn
698 2027 880 2092 revertisse.
911 2025 1028 2110 Itaque
1046 2026 1173 2091 somnio
1188 2044 1215 2084 ao

162 2115 374 2202 comprobato
407 2136 427 2178 a
459 2115 574 2177 senatu
601 2113 694 2178 ludos
722 2113 798 2179 illos
826 2115 945 2179 iterum
972 2115 1173 2181 instauratos

110 2218 143 2269 oo
162 2203 337 2271 memoriae
358 2200 525 2287 proditum
544 2203 603 2265 est.
635 2199 670 2266 Ο.
683 2223 760 2267 vero
775 2199 940 2268 Gracchus
955 2203 1067 2267 multis
1083 2203 1174 2287 dixit,

161 2298 199 2361 ut
221 2291 378 2377 scripturn
402 2291 488 2376 apud
511 2290 647 2355 eundem
663 2287 812 2355 Coelium
834 2295 893 2375 est,
916 2291 980 2356 sibi
997 2293 1033 2356 in
1050 2291 1173 2357 somnis

163 2384 373 2467 quaesturam
403 2382 512 2464 petere
542 2378 699 2444 dubitanti
727 2378 775 2444 ri.
802 2379 939 2445 fratrem
966 2379 1072 2445 visum
1102 2402 1173 2445 esse

162 2472 276 2554 dicere,
295 2491 393 2554 quam
411 2467 512 2532 vellet
529 2470 744 2551 cunctaretur,
762 2470 873 2534 tamen
892 2469 1005 2535 eodem
1019 2468 1082 2533 sibi
1096 2468 1173 2552 leto,
1187 2482 1214 2525 2⁵

163 2581 226 2645 quo
249 2558 320 2643 ipse
342 2557 517 2639 interisset,
540 2577 611 2621 esse
633 2556 841 2640 pereundum.
877 2556 957 2641 Hoc,
981 2561 1057 2622 ante
1075 2579 1173 2641 quam

162 2649 313 2714 tribunus
335 2645 423 2731 plebi
441 2643 477 2710 O.
496 2644 660 2710 Gracchus
683 2644 789 2710 factus
812 2649 908 2730 esset,
931 2649 964 2711 et
987 2667 1021 2710 se
1045 2646 1173 2711 audisse
1251 2718 1254 2721 x

163 2736 278 2803 scribit
291 2733 419 2800 Coelius
438 2736 473 2800 et
491 2733 610 2798 dixisse
627 2754 696 2798 eum
714 2733 836 2798 multis.
869 2732 939 2809 Quo
955 2735 1081 2799 somnio
1097 2734 1173 2818 quid

110 2913 151 2981 27
229 2911 334 2988 Quid?
361 2910 421 2976 illa
448 2910 510 2975 duo
535 2910 674 2994 somnia,
704 2932 787 2995 quae
809 2913 1013 2977 creberrume
1036 2932 1173 2977 comme·
1186 2926 1214 2968 ω
1285 2976 1290 2988 ‚

163 3004 333 3068 morantur
360 3021 381 3065 a
403 2996 534 3084 Stoicis,
563 2999 635 3083 quis
658 3001 790 3065 tandem
812 3003 922 3085 potest
945 2999 1173 3066 contemnere?

163 3112 264 3157 unum
292 3088 331 3153 de
355 3085 532 3153 Simonide:
564 3087 720 3163 Quicum
744 3088 895 3175 ignotum
919 3089 1078 3174 quendam
1102 3111 1174 3174 pro-

162 3179 283 3245 iectum
306 3180 471 3242 mortuum
492 3176 628 3242 vidisset
652 3198 788 3261 eumque
805 3177 1008 3243 humavisset
1025 3178 1174 3242 haberet-

164 3289 226 3352 que
254 3265 420 3331 inanimo
450 3287 567 3330 navem
594 3265 822 3349 conscendere,
851 3267 976 3331 moneri
1002 3265 1090 3331 visus
1115 3270 1173 3348 est,

163 3378 204 3420 ne
226 3354 259 3419 id
281 3353 411 3436 faceret,
435 3353 476 3419 ab
500 3375 548 3437 eo,
571 3375 666 3438 quem
685 3354 854 3438 sepultura
872 3354 1048 3437 adfecerat3
1072 3354 1101 3418 si
1119 3377 1174 3419 na·
1188 3369 1213 3411 ³⁵

10 3514 12 3517 ,
164 3442 355 3529 vigevisset,
383 3464 457 3507 eum
484 3441 656 3526 naufragio
681 3462 751 3505 esse
773 3442 968 3526 periturum,
994 3441 1105 3525 itaque
1128 3440 1174 3506 si-

89 3532 93 3533 ’
164 3531 327 3599 monidem
346 3531 476 3614 redisse,
499 3528 622 3614 perisse
641 3532 775 3612 ceteros,
793 3530 938 3613 quitum
953 3531 1174 3615 navigassent

10 2630 11 2689 l

10 2722 11 2765 l

10 2842 13 2983 Ι
162 2823 302 2891 inveniri
324 2824 434 2907 potest
456 2821 597 2889 certius?

10 2986 12 3031 ι
