2652 3920
182 196 245 260 156
528 194 577 253 DE
596 193 838 251 DIVINATIONE

126 357 160 406 28
180 362 245 425 ore,
268 362 342 406 cum
359 340 517 426 pascItur3
541 340 629 425 quod
647 342 756 405 autem
775 338 933 425 scriptum
952 338 1081 406 habetis
1095 338 1119 422 †
1133 343 1192 405 aut
1319 390 1320 405 .

74 436 76 441 '
179 429 358 514 tripudium
387 429 472 513 fieri,
502 429 531 494 si
561 450 611 493 ex=
629 449 669 494 ea
697 427 775 513 quid
803 428 839 492 in
866 427 1006 493 solidum
1030 427 1191 512 ceciderit,

179 517 241 584 hcc
265 538 400 602 quoque,
424 516 511 602 quod
529 516 604 601 dixi,
626 520 775 582 coactum
792 515 973 601 tripudium
992 515 1192 585 solistimum

180 605 297 671 dicitis.
341 604 457 690 Itaque
484 605 590 670 multa
611 604 762 690 auguria,
789 605 893 670 multa
914 604 1072 689 auspicia,
1104 605 1191 689 quod

179 692 262 761 (lato
284 694 342 759 ille
365 695 494 777 sapiens
518 693 672 777 queritur,
693 691 903 780 neglegentia
920 692 1052 779 collegii
1069 694 1221 782 amissas

179 783 277 869 plane
300 786 335 847 et
357 783 486 847 deserta
509 785 594 846 sunt

131 878 169 942 16
246 869 339 936 Nihil
368 869 437 936 fere
459 869 622 955 quondam
644 869 778 935 maioris
800 869 849 935 rei
870 869 936 935 nisi
957 868 1126 956 auspicato
1149 892 1191 935 ue

179 960 336 1046 privatim
359 958 490 1044 quidem
512 958 701 1045 gerebatur,
726 958 813 1042 quod
835 958 935 1023 etiam
956 979 1042 1025 nunc
1063 959 1191 1044 nuptia·

180 1070 254 1113 rum
276 1068 334 1113 aus
358 1047 424 1113 iees
447 1046 625 1131 declarant,
647 1045 760 1131 quire
783 1046 906 1112 omissa
923 1068 1042 1114 nomen
1060 1050 1189 1112 tantum

179 1139 301 1202 tenent
375 1157 428 1201 am
451 1139 489 1201 ut
510 1151 597 1201 nunc
618 1135 702 1200 extis
724 1131 935 1221 (quamquam
956 1135 989 1200 id
1006 1135 1114 1220 ipsum
1133 1136 1190 1203 ali·
1206 1153 1235 1194 ιο

180 1228 303 1310 quanto
321 1224 429 1290 minus
448 1246 547 1309 quam
566 1219 670 1310 olim),
693 1222 739 1289 sic
757 1227 828 1289 tum
846 1223 960 1289 avibus
981 1245 1120 1310 magnae
1138 1247 1189 1290 res

179 1312 330 1399 inpetriri
343 1312 504 1378 solebant.
526 1311 650 1397 Itaque,
664 1311 800 1377 sinistra
814 1311 890 1377 dum
903 1334 970 1377 non
984 1313 1190 1397 exquirimus,

127 1419 161 1469 aa
179 1402 215 1474 in
232 1401 303 1467 dira
320 1404 354 1467 et
371 1400 407 1467 in
423 1401 544 1467 vitiosa
561 1400 764 1467 incurrimus.
795 1398 842 1466 Ut
856 1399 894 1465 P.
907 1397 1072 1484 Claudius,
1089 1400 1190 1486 Appii

180 1488 276 1555 Caeci
298 1489 395 1574 filins,
418 1490 550 1575 eiusque
569 1488 697 1574 collega
709 1487 744 1555 L.
758 1486 871 1554 Iunius
890 1489 1003 1554 classis
1022 1511 1190 1559 maxumas

180 1578 398 1665 perdiderunt,
417 1599 490 1644 cum
508 1576 589 1644 vitio
602 1577 822 1664 navigassent.
855 1575 948 1652 Quod
965 1576 1079 1643 eodem
1093 1578 1189 1643 modo
1205 1595 1233 1636 1⁶

181 1667 289 1732 evenit
312 1666 565 1753 Agamemnoni3
587 1665 652 1751 qui,
675 1687 748 1731 cum
770 1664 890 1731 Achivi
912 1666 1093 1751 coepissent

231 1756 368 1822 .inter
404 1776 443 1820 se
480 1757 656 1840 strepere
688 1758 899 1840 aperteque
931 1755 1053 1821 artem
1083 1755 1189 1820 obte-

745 1863 831 1908 rere
853 1839 1101 1928 extispicum,
1142 1874 1144 1877 ·

225 1931 383 1998 Stlvere
419 1931 589 2018 imperet
625 1930 792 1997 secundo
828 1934 980 1996 rumore
1012 1931 1189 1997 adversi·

932 2040 1004 2103 que
1029 2042 1100 2085 ava

180 2107 244 2176 Sed
271 2108 349 2194 quid
373 2107 505 2174 vetera?
534 2106 577 2173 M.
600 2104 719 2175 Crasso
743 2105 821 2193 quid
843 2106 1007 2191 acciderit,
1034 2107 1189 2193 videmus,

180 2198 325 2263 dirarum
349 2196 596 2262 obnuntiatione
618 2196 776 2283 neglecta.
796 2258 800 2261 ,
820 2194 861 2260 In
884 2217 947 2280 quo
970 2195 1107 2281 Appius,
1125 2197 1188 2263 col·
1203 2216 1231 2256 ro
1306 2196 1310 2207 '

180 2288 256 2372 lega
282 2289 372 2368 tuus,
398 2285 504 2350 bonus
531 2306 648 2372 augur,
675 2288 713 2351 ut
741 2306 780 2350 ex
802 2286 836 2349 te
859 2283 970 2351 audire
993 2285 1096 2369 soleo,
1123 2307 1189 2351 nou

182 2374 263 2440 satis
282 2373 426 2461 scienter
447 2372 554 2439 virum
576 2374 698 2440 bonum
716 2377 750 2439 et
768 2372 871 2440 civem
889 2372 1057 2459 egregium
1076 2395 1189 2439 censor

179 2461 214 2530 0.
236 2462 371 2527 Ateium
392 2461 535 2546 notarit,
563 2461 649 2547 quod
670 2462 861 2528 ementitum
885 2461 1029 2547 auspicia
1051 2462 1188 2528 subseri-

179 2552 279 2617 beret.
324 2549 421 2635 Esto3
442 2549 543 2615 fuerst
564 2550 627 2616 hoc
648 2551 800 2634 censoris,
823 2550 852 2615 si
869 2549 1039 2616 iudicabat
1056 2551 1189 2616 ementi·

179 2644 263 2724 tum3
286 2642 322 2704 at
343 2638 425 2703 illud
443 2638 576 2703 minime
595 2639 738 2724 auguris,
759 2637 847 2723 qnod
865 2637 1039 2724 adscripsit
1057 2638 1099 2706 ob
1116 2661 1188 2704 eam
1202 2656 1228 2698 2⁵

103 2731 105 2735 ’
179 2750 312 2796 causam
347 2727 506 2813 populum
537 2725 721 2793 Romanum
756 2726 976 2792 calamitatem
1012 2727 1188 2793 maximam

180 2818 313 2902 cepisse.
355 2813 390 2880 si
413 2814 499 2880 enim
522 2837 560 2880 ea
583 2836 681 2881 causa
703 2814 901 2881 calamitatis
919 2814 992 2900 fuit,
1012 2837 1081 2907 non
1097 2817 1131 2882 in
1149 2838 1187 2882 eo

179 2911 231 2971 est
253 2907 357 2992 culpa,
382 2904 437 2989 qui
460 2902 676 2988 obnuntiavit,
698 2903 812 2969 sedin
834 2925 882 2988 eo,
904 2904 960 2990 qui
981 2926 1049 2970 non
1070 2905 1188 2990 paruit.

179 2993 300 3063 Veram
324 2993 411 3059 enim
428 2990 529 3058 fuisse
549 2991 838 3076 obnuntiationem‚
859 2996 897 3058 ut
915 2992 1066 3059 nitidem
1084 3015 1188 3080 augur

179 3085 212 3147 et
244 3103 373 3165 censor,
404 3081 511 3148 exitus
544 3080 751 3167 adprobavit3
787 3102 869 3166 qnae
896 3080 926 3146 si
950 3080 1037 3148 falsa
1062 3081 1187 3166 fuisset,
1200 3099 1226 3140 ω

178 3170 304 3235 nullam
328 3169 454 3236 adferre
475 3168 639 3256 potuisset
661 3191 792 3235 causam
815 3169 1020 3235 calamitatis.
1056 3169 1188 3235 Etenim

179 3259 282 3342 (lirae,
309 3257 394 3324 sicut
417 3262 525 3325 cetera
546 3258 704 3344 auspicia,
726 3261 764 3323 ut
786 3256 909 3341 omina,
930 3261 968 3322 ut
991 3258 1099 3345 signa,
1122 3282 1188 3325 non

177 3367 292 3414 causas
305 3346 481 3430 adferunt,
503 3369 561 3413 cur
583 3346 660 3432 quid
683 3345 820 3429 eveniat,
843 3345 899 3410 sed
920 3345 1074 3412 nuntiant
1097 3369 1188 3413 even·

125 3448 159 3497 80
177 3438 266 3520 tura,
297 3435 363 3501 nisi
394 3433 584 3522 provideris.
632 3434 709 3500 Non
735 3434 838 3521 igitur
865 3432 1071 3501 obnuntiatio
1098 3436 1187 3501 Aten

177 3546 310 3591 eausam
339 3524 434 3590 finxit
463 3523 675 3606 calamitatis,
705 3521 761 3587 sed
788 3522 883 3608 signo
911 3521 1038 3588 obiecto
1062 3525 1188 3589 monuit
1200 3540 1225 3581 ³⁵
