2652 3920
370 204 438 260 urs.
456 205 491 261 [ι
515 203 593 260 cae.
611 211 726 262 se-aa
746 210 764 270 s
783 210 896 262 ac-sr.
1072 204 1140 271 225

129 353 219 415 vetat
240 353 389 435 spectare
410 347 591 435 fortunam,
616 348 693 415 dum
715 352 900 436 praestetur
920 349 1010 417 fides.
1049 349 1139 416 Aves

127 459 206 505 vero
240 440 271 505 si
300 458 475 524 prosperos
508 441 642 504 eventus
677 438 901 523 ostenderunt,
932 441 1018 504 certe
1048 437 1139 504 fefel-

126 527 246 592 lerunt.
278 524 379 613 Fugit
401 547 419 592 e
441 526 566 612 proelio
589 548 662 593 cum
680 525 850 612 Pompei03
873 539 973 614 grave
994 529 1137 611 tempus!

127 613 288 681 Discessit
312 615 354 680 ab
377 636 430 698 θος
456 614 606 682 luctuosa
626 616 694 681 res!
728 614 901 682 Gaesarem
923 615 1037 681 eodem
1059 618 1139 680 tem·

99 725 114 766 e
151 725 207 769 ore
238 703 367 770 hostem
400 706 434 770 et
463 702 627 790 hospitem
657 704 754 788 vidit3
785 703 863 789 quid
894 703 956 770 hoc
986 703 1138 769 tristius?

192 814 266 859 cum
297 792 327 858 ei
354 791 564 858 Trocmorum
596 792 798 858 tetrarchian
825 792 998 877 eripuisset
1025 796 1059 857 et
1084 792 1138 858 ad·

128 881 255 946 seculae
283 901 342 946 suo
365 879 568 969 Pergameno
592 880 701 947 nescio
728 881 780 947 cui
807 879 949 946 dedisset
971 881 1138 966 eidemque

128 968 322 1034 detraxisset
352 967 542 1034 Armeniam
574 991 594 1034 a
626 972 741 1034 senatu
773 968 898 1055 datam,
931 991 1068 1055 cumque
1096 969 1137 1036 ab

68 1122 70 1125 ,
128 1078 167 1123 eo
194 1056 527 1144 magnificentissumo
550 1057 695 1143 hospitio
719 1062 869 1144 acceptus
893 1061 992 1142 esset,
1020 1058 1139 1144 spolia·

89 1168 115 1207 ιο
128 1149 199 1211 tum
225 1146 359 1231 reliquit
387 1147 420 1211 et
446 1145 611 1232 hospitem
639 1150 673 1211 et
699 1168 734 1211 re
759 1168 819 1212 em.
864 1143 927 1211 Sed
953 1146 1048 1213 labor
1071 1147 1139 1213 lon·
1201 1184 1203 1187 v

129 1234 217 1321 gius3
245 1234 286 1300 ad
314 1234 519 1320 propositum
546 1238 699 1300 revertar.
736 1168 775 1300 li
803 1238 920 1300 eventa
945 1235 1139 1322 quaerimus,

129 1344 212 1407 quae
239 1323 452 1408 exquiruntur
475 1323 603 1407 avibus,
630 1323 721 1388 nullo
745 1323 841 1389 modo
864 1344 1022 1409 prospera
1043 1322 1139 1390 Deio

128 1415 216 1494 tar03
239 1410 291 1476 sin
314 1409 430 1495 officia,
454 1433 474 1476 a
496 1411 617 1477 virtute
635 1411 748 1497 ipsius,
769 1433 836 1478 non
854 1411 896 1477 ab
915 1412 1068 1498 auspiciis
1085 1434 1139 1498 pe

128 1499 192 1565 tita
223 1504 309 1565 sunt.
359 1498 482 1565 Omitte
513 1500 616 1586 igitur
646 1500 765 1565 lituum
797 1499 945 1584 Romuli,
976 1522 1073 1586 quem
1104 1483 1190 1567 in38

89 1610 114 1649 15
128 1586 270 1654 maximo
301 1587 450 1654 incendio
476 1610 579 1676 negas
605 1588 751 1674 potuisse
778 1589 938 1672 comburi3
969 1593 1139 1656 contemne

128 1681 235 1743 cotem
262 1677 337 1741 Atti
363 1675 470 1742 Navii.
515 1676 607 1742 Nihil
639 1676 735 1743 debet
766 1698 837 1742 esse
868 1678 904 1742 in
930 1677 1140 1763 philosophia

128 1766 363 1832 commenticiis
380 1764 512 1831 fabellis
531 1765 608 1850 loci3
625 1765 708 1831 illud
726 1770 798 1831 erat
814 1764 1002 1851 philosophi
1019 1766 1140 1851 potius,

128 1855 232 1921 totius
258 1854 387 1941 augurii
409 1854 551 1940 primum
573 1858 725 1920 naturam
748 1853 854 1940 ipsam
877 1854 998 1939 videre,
1026 1853 1139 1921 deinde

1157 1559 1193 1607 80

131 1942 361 2028 inventionem,
384 1942 498 2008 deinde
521 1942 748 2009 constantiam.
785 1941 874 2018 Quae
897 1946 948 2007 est
965 1942 1068 2030 igitur
1085 1965 1140 2010 na-

88 2036 218 2115 rotura,
241 2053 324 2116 quae
345 2031 488 2098 volucris
510 2030 574 2097 huc
597 2035 630 2096 et
651 2031 731 2097 illuc
752 2030 876 2116 passim
898 2032 1051 2117 vagantis
1074 2031 1140 2097 effi·

130 2121 195 2187 ciat
221 2124 259 2185 ut
286 2120 471 2207 significent
498 2119 620 2205 aliquid
648 2123 682 2185 et
703 2124 776 2204 tum
797 2123 909 2185 vetent
931 2141 1042 2206 agere,
1068 2125 1140 2187 tum

128 2209 263 2275 iubeant
281 2214 339 2275 aut
356 2213 455 2276 cantu
473 2213 531 2275 aut
548 2209 683 2275 volatu?
705 2212 890 2274 curantem
908 2208 983 2274 aliis
1001 2231 1022 2275 a
1037 2210 1140 2294 laeva,

130 2297 204 2364 aliis
232 2321 252 2364 a
279 2298 394 2364 dextra
422 2297 535 2365 datum
558 2302 609 2362 est
631 2297 746 2363 avibus
769 2300 807 2362 ut
828 2301 937 2362 ratum
961 2298 1141 2384 auspicium

10 2444 11 2447 ,
128 2386 235 2453 faeere
266 2386 414 2472 possint?
455 2385 526 2462 Quo
554 2386 650 2451 modo
682 2389 791 2451 autem
818 2385 899 2452 haec
927 2390 984 2451 aut
1011 2387 1140 2471 quando

89 2493 116 2536 aa
130 2478 187 2541 aut
209 2497 230 2540 a
253 2475 370 2561 quibus
389 2475 523 2540 inventa
545 2473 710 2540 dicemus?
740 2473 872 2541 Etrusci
889 2477 1000 2540 tamen
1017 2475 1140 2541 hahent

130 2566 298 2629 exaratum
311 2584 448 2649 puerum
462 2566 628 2629 auctorem
642 2562 833 2648 disciplinae
847 2583 938 2647 suae3
950 2583 1010 2628 nos
1022 2563 1141 2646 quem?

129 2652 288 2716 Attumne
306 2650 471 2717 Narium?
503 2651 551 2716 At
573 2650 700 2736 aliquot
721 2651 815 2717 annis
839 2650 1004 2737 antiquior
1022 2651 1141 2717 Romu·

128 2741 180 2804 lus
203 2741 236 2804 et
254 2739 384 2823 Remus,
409 2741 506 2807 ambo
529 2761 678 2827 augures,
699 2743 737 2805 ut
760 2740 951 2825 accepimus.
988 2738 1043 2804 An
1060 2738 1140 2805 Pisi-

131 2828 244 2893 darum
274 2831 332 2893 aut
359 2826 498 2894 Cilicum
527 2833 584 2894 aut
610 2828 778 2930 Phrygum
805 2829 871 2894 ista
898 2828 1033 2894 inventa
1060 2827 1140 2894 dice·

90 2938 116 2976 ao
129 2915 224 2982 mus?
259 2914 373 2981 Placet
394 2916 496 3003 igitur
517 2917 732 2983 humanitatis
755 2916 897 3004 expertis
918 2915 1040 2983 habere
1063 2917 1141 2983 divi·

129 3004 245 3070 nitatis
268 3005 438 3071 auctores?

197 3094 244 3159 At
263 3115 375 3161 omnes
393 3115 496 3181 reges,
517 3094 640 3179 populi,
656 3093 806 3160 nationes
824 3096 961 3159 utuntur
979 3055 1193 3182 auspiciis&

132 3180 231 3258 Quasi
254 3204 331 3249 vero
356 3182 528 3268 quicquam
547 3182 591 3247 sit
608 3185 677 3246 tam
696 3181 790 3247 valde
809 3204 907 3267 quam
924 3180 1008 3247 nihil
1027 3204 1140 3268 sapere

131 3273 276 3360 vulgare,
300 3275 357 3337 aut
380 3270 474 3356 quasi
496 3269 559 3336 tibi
581 3270 645 3355 ipsi
667 3270 701 3335 in
724 3270 893 3336 iudicando
912 3270 1041 3356 placeat
1059 3272 1140 3336 mul·

88 3378 115 3420 ss
131 3360 251 3427 titudo?
279 3358 404 3435 Quotus
424 3359 559 3444 quisque
578 3362 636 3442 est,
657 3358 713 3443 qui
731 3359 935 3444 voluptatem
952 3362 1052 3445 neget
1069 3381 1140 3424 esse

129 3449 274 3515 bonum?
296 3447 444 3534 plerique
462 3447 561 3513 etiam
580 3469 742 3513 summum
760 3446 883 3513 bonum
902 3446 1023 3514 dicunt.
1051 3445 1140 3513 Num

129 3537 233 3624 igitur
260 3557 372 3603 eorum
398 3535 582 3623 frequentia
604 3533 705 3601 Stoici
732 3534 771 3601 de
794 3536 957 3602 sententia
980 3535 1140 3601 deterren-

183 3648 239 3692 010.
252 3648 295 3692 Π.
308 3651 327 3693 2
890 3643 922 3693 15
