2652 3920
372 215 439 270 olss.
459 214 494 272 11.
518 214 596 270 cnr.
615 220 728 271 aa-ao.
753 221 901 281 seo-er.
1074 216 1140 281 219

133 355 344 423 Calchantem
367 357 477 426 dixisti
501 381 540 425 ex
563 380 731 445 passerum
753 380 887 427 numero
911 358 990 426 belli
1008 357 1142 426 Troiani

132 466 235 512 annos
263 450 473 531 auguratum
502 447 541 513 de
568 446 658 514 onitas
685 447 870 514 coniectura
897 448 944 514 sio
967 448 1053 533 apud
1074 447 1141 514 Ho

10 574 11 579 κ
132 555 271 617 merum,
307 538 345 600 ut
379 556 440 601 nos
477 534 576 602 otiosi
610 536 842 629 convertimus,
878 536 1023 622 loquitur
1054 535 1141 623 Aga·

10 746 12 779 ε
104 643 303 793 ιωῖᾚῒ,
325 710 415 795 riri,
438 716 477 777 et
499 712 616 779 duros
639 712 764 778 animo
783 712 954 778 tolerate
972 713 1141 797 labores,

10 806 12 817 ’
177 799 349 885 Auguris
377 804 419 866 ut
444 799 574 866 nostri
597 799 825 867 Calchantis
852 800 937 867 fata
959 822 1141 888 queamus

177 884 291 952 Scire
333 892 492 989 ratosne
527 889 696 956 habeant
732 911 780 957 an
814 911 933 957 vanos
969 889 1141 975 pectoris

177 1062 349 1149 Namque
390 1087 520 1132 omnes
560 1066 721 1133 memori
756 1000 1141 1153 portentuorirsunhente

403 1220 407 1227 ,
836 1159 1054 1241 retentant,

178 1239 250 1316 Qui
272 1263 347 1306 non
368 1241 542 1317 funestis
564 1243 767 1329 liquerunt
789 1243 942 1311 lumina
957 1243 1062 1309 fatis.

154 1329 380 1416 -Argoliois
404 1330 578 1415 ,primum
608 1335 651 1398 nt
681 1331 830 1397 vestita
859 1336 919 1398 est
946 1332 1141 1434 elassibus

178 1505 281 1583 Quae
307 1486 463 1574 Priamo
495 1483 646 1575 cladem
678 1511 716 1585 et
746 1508 886 1575 Troiae
917 1419 1142 1594 liadileh'rque

178 1681 258 1749 Nos
286 1683 430 1751 oiroum
453 1685 597 1753 latioes
620 1685 778 1772 gelidos
798 1597 1142 1752 furieahetiddi'aris

181 1772 388 1859 Aurigeris
411 1773 538 1845 divom
560 1773 765 1860 placantes
786 1773 946 1841 numina
967 1773 1093 1841 tauris

179 1858 254 1925 Snb
286 1862 451 1946 platano
482 1862 711 1947 umbrifera,
742 1862 831 1931 fons
863 1862 960 1929 unde
989 1866 1143 1970 emanat

178 2037 358 2104 Vidimus
380 2038 527 2105 inmani
550 2039 680 2125 speeie
701 2044 887 2125 tortuque
908 1973 1113 2106 dardlddh’em

179 2125 426 2212 Terribilem,
442 2127 549 2195 lovis
568 2131 610 2195 ut
628 2129 743 2213 pulsu
760 2130 988 2214 penetraret
1001 2128 1048 2194 ab
1062 2149 1143 2212 ara;

179 2213 249 2290 Qui
262 2215 1142 2303 plataniinramofoliorumtegminesaeptos

179 2302 381 2389 Corripuit
399 2305 546 2390 pulloe3
567 2327 663 2390 quos
682 2328 764 2372 oum
783 2309 1027 2372 consumeret
1041 2308 1143 2392 oete,

178 2390 289 2458 Nona
318 2414 434 2478 super
462 2394 630 2460 tremulo
658 2394 838 2481 genetrix
866 2394 1051 2480 clangore
1079 2416 1143 2461 vo·

180 2568 249 2634 Cui
270 2569 379 2645 ferus
402 2570 551 2639 inmani
572 2571 740 2639 laniavit
761 2570 913 2639 viscera
929 2483 1071 2639 iiiiii.

179 2657 301 2742 Hune,
328 2658 394 2722 ubi
421 2663 500 2729 tam
526 2663 683 2727 teneros
709 2660 882 2727 volueris
905 2665 1141 2761 matremque
1160 2671 1194 2721 64

179 2817 251 2907 Qui
274 2834 353 2900 luoi
376 2834 564 2920 ediderat,
587 2751 1092 2922 genitorSaturlhihesnidtdm

179 2921 346 2988 Abdidit
368 2925 407 2988 et
429 2923 523 2991 duro
546 2924 732 2991 formavit
754 2924 925 3011 tegmine
948 2923 1040 2988 saxi.

179 3008 259 3077 Nos
277 3014 405 3079 autern
423 3011 553 3077 timidi
567 3014 718 3077 stantes
732 3011 912 3077 mirabile
926 3014 1141 3078 monstrum

178 3098 417 3171 Vidimusin.
439 3099 576 3167 mediis
599 3100 725 3165 divom
748 3100 943 3166 versarier
965 3100 1053 3166 aris.

179 3187 271 3252 Tum
295 3185 461 3259 Calchas
488 3188 581 3255 haee
608 3192 668 3254 est
694 3188 836 3257 fidenti
857 3210 949 3256 roee
971 3190 1141 3256 loeutus:

179 3273 396 3351 ‘Quidnam
436 3279 656 3363 torpentes
698 3277 829 3345 subito
870 3277 1141 3381 obstipuistis,

177 3449 210 3516 N
216 3436 302 3517 obis
319 3452 414 3520 haee
431 3406 618 3539 uortenda
635 3454 744 3523 deum
762 3454 869 3520 dedit
886 3366 1141 3541 ibildldidator

149 3538 1141 3629 A'lardaetseranimia,aedfamaaelaudeperenni.
