2654 3924
382 197 449 254 ΜΒ.
468 199 502 254 11.
523 198 598 254 cAP.
618 206 732 255 ae-cv.
751 205 767 266 a
785 206 899 255 se-ea
1080 198 1144 264 327

138 343 334 407 aestumatio
357 343 515 427 pecudum
537 343 573 407 in
595 343 700 408 multa
722 344 794 430 lege
817 341 852 408 (l.
875 342 951 408 Iulii
971 343 1006 407 P.
1023 342 1148 428 Papirii

138 431 307 496 consulum
331 431 510 497 constituta
533 434 592 496 est.
1127 521 1134 534 .
1158 491 1202 555 36

206 515 269 583 Sed
287 519 414 603 aliquot
437 524 511 584 ante
536 520 638 603 annis,
661 542 734 585 cum
757 542 884 585 summa
908 524 994 585 esset
1013 525 1149 586 auctori·
1167 569 1199 617 6¹

138 611 191 672 tas
220 606 255 671 in
288 611 403 673 senatu
434 609 556 694 populo
588 609 733 693 patiente
762 613 859 693 atque
886 613 1035 694 parente,
1066 609 1149 674 inita

111 695 223 760 oratio
247 700 311 779 est,
338 700 376 761 ut
398 700 432 761 et
454 697 602 762 consules
626 702 659 761 et
680 697 805 761 tribuni
828 697 871 782 pl.
895 698 1091 782 magistratu
1114 719 1149 762 se

139 784 336 868 abdicarent,
359 789 456 868 atque
478 789 516 849 ut
538 786 625 850 xviri
648 786 790 850 maxima
806 790 971 871 potestate
991 786 1059 850 sine
1077 808 1149 871 pro·

139 870 318 959 vocatiolne
343 877 538 957 crearentur,
562 875 617 959 qui
637 877 669 938 et
688 896 850 939 summum
868 874 1040 959 imperium
1059 876 1100 956 [p.
1115 890 1149 938 42

138 960 299 1025 haberent
313 965 346 1025 et
360 962 449 1047 leges
465 962 651 1027 scriberent.
678 961 826 1038 Quicum
841 981 864 1027 x
878 963 1008 1028 tabulas
1023 984 1150 1028 summa

139 1049 250 1134 legum
277 1050 440 1134 aequitate
467 1050 702 1135 prudentiaque
730 1051 1010 1136 conscripsissent,
1037 1052 1072 1116 in
1096 1074 1149 1116 an·

101 1157 126 1194 ¹0
139 1160 218 1202 num
244 1142 413 1223 posterum
441 1138 638 1203 decemviros
667 1139 750 1205 alios
773 1140 1045 1226 subrogaverunt,
1074 1162 1149 1225 quo·

140 1248 212 1290 rum
246 1248 313 1291 non
346 1227 496 1291 similiter
527 1227 608 1292 fides
639 1250 699 1292 nee
729 1227 857 1293 iustitia
888 1228 1028 1294 laudata.
1079 1227 1149 1304 Quo

139 1316 250 1391 tamen
283 1337 300 1378 e
333 1315 471 1401 collegio
500 1316 572 1380 laus
601 1320 652 1380 est
678 1316 738 1381 illa
765 1317 883 1381 eximia
911 1314 945 1382 C.
971 1316 1061 1401 Iulii,
1094 1318 1149 1402 qui
1217 1388 1231 1400 „

140 1402 305 1467 hominem
328 1403 488 1487 nobilem,
511 1403 546 1469 L.
570 1401 725 1489 Sestium,
748 1404 837 1470 cuius
860 1406 896 1470 in
918 1403 1013 1491 cuIbi·
1037 1408 1077 1487 [p.
1099 1422 1148 1471 137

141 1492 214 1556 culo
233 1490 394 1557 ecfossum
413 1514 483 1557 esse
502 1514 537 1557 se
555 1497 726 1577 praesente
745 1497 910 1558 mortuum
929 1494 1058 1578 diceret,
1077 1516 1150 1559 cum

101 1596 127 1636 1⁵
140 1580 210 1664 ipse
237 1583 434 1665 potestatem
462 1602 623 1645 summam
649 1581 799 1665 haberet,
826 1582 912 1666 quod
935 1582 1149 1647 decemvirum

141 1668 210 1733 sine
237 1670 468 1753 provocatione
492 1673 590 1753 esset,
617 1669 715 1734 vades
738 1674 849 1739 tamen
871 1670 1037 1756 poposcit,
1065 1671 1150 1754 quod

141 1778 176 1821 se
199 1757 305 1843 legem
324 1757 417 1822 illam
436 1758 638 1842 praeclaram
658 1758 881 1843 neglecturum
900 1762 1045 1845 negaret,
1068 1781 1150 1842 quae

142 1845 180 1909 de
203 1845 310 1929 eapite
333 1846 412 1911 civis
435 1845 576 1911 Romani
598 1846 663 1910 nisi
682 1847 822 1911 comitiis
842 1847 1031 1912 centuriatis
1050 1848 1151 1912 statui

102 1937 338 2087 rovela'liltius
366 2026 416 2087 est
440 2045 542 2088 annus
565 2023 703 2089 xviralis
726 2027 930 2108 consecutus,
957 2046 1030 2090 cum
1053 2024 1151 2088 iidem
1161 1990 1202 2116 ἒξ

142 2114 252 2175 essent
274 2133 333 2176 nec
356 2112 438 2176 alios
462 2112 640 2198 subrogare
663 2113 852 2177 voluissent.
873 2113 877 2196 Ι
897 2111 936 2177 In
958 2113 1020 2178 hoc
1040 2114 1079 2193 [p.
1101 2128 1151 2177 138

142 2202 233 2264 statu
262 2199 309 2264 rei
337 2199 501 2285 publicae,
530 2222 626 2284 quem
654 2200 720 2264 dixi
746 2200 813 2266 iam
840 2222 937 2286 saepe
963 2223 1029 2266 non
1055 2222 1151 2287 posse

142 2309 212 2353 esse
236 2288 432 2372 diuturnum,
456 2288 542 2372 quod
563 2311 630 2354 non
648 2293 734 2354 esset
752 2289 787 2353 in
805 2290 910 2355 omnis
930 2289 1058 2355 ordines
1077 2290 1152 2355 civi·

141 2377 222 2441 tatis
245 2377 433 2461 aequabilis,
457 2381 528 2442 erat
550 2399 649 2462 penes
671 2378 833 2462 principes
856 2382 929 2443 tota
951 2378 1152 2464 respublica

102 2481 128 2521 2⁵
141 2465 337 2549 praepositis
364 2465 468 2530 xviris
491 2465 719 2548 nobilissimis,
740 2487 805 2531 non
828 2467 988 2552 oppositis
1011 2466 1151 2531 tribunis

142 2552 201 2636 pl,
223 2553 323 2617 nullis
347 2553 421 2617 aliis
445 2553 606 2618 adiunctis
629 2554 888 2640 magistratibus,
910 2577 975 2619 non
998 2576 1151 2640 provoca·

144 2640 231 2704 tione
264 2641 305 2705 ad
336 2642 493 2726 populum
526 2645 640 2707 contra
668 2663 779 2707 necem
807 2647 840 2708 ct
866 2643 1002 2707 verbera
1028 2643 1150 2708 relicta.

143 2727 232 2813 Ergo
260 2729 376 2793 horum
405 2751 444 2794 ex
470 2729 632 2794 iniustitia
659 2730 767 2795 subito
795 2735 909 2796 exorta
936 2736 986 2795 est
1009 2731 1151 2796 maxima
1169 2748 1212 2796 oa.

141 2816 353 2901 perturlbatio
377 2821 410 2881 et
432 2818 535 2882 totius
557 2819 768 2883 commutatio
792 2820 839 2884 rei
858 2818 1020 2904 publicae3
1044 2821 1084 2900 [p.
1101 2835 1151 2885 183

102 2920 129 2962 so
143 2904 199 2988 qui
225 2903 350 2969 duabus
377 2905 499 2970 tabulis
522 2906 705 2990 iniquarum
729 2907 840 2993 legum
864 2907 998 2991 additis,
1025 2909 1152 2993 quibus,

143 2992 243 3057 etiam
275 3015 357 3077 quae
390 2994 542 3059 diiunctis
574 2995 704 3080 populis
736 2996 838 3060 tribui
868 2996 975 3060 solent
1005 2996 1151 3082 conubia,

141 3081 222 3146 haee
244 3081 295 3146 illi
314 3086 409 3146 utne
427 3083 536 3168 plebei
554 3105 626 3148 cum
645 3084 794 3168 patribus
814 3088 931 3168 essent,
953 3084 1152 3150 inhumanis·

142 3171 225 3235 sima
252 3171 325 3257 lege
354 3175 542 3254 sanxerunt,
570 3193 652 3256 quae
675 3177 790 3258 postea
812 3172 919 3258 plebei
942 3173 1024 3238 scito
1049 3171 1152 3240 Canu·

143 3257 205 3323 leio
225 3259 385 3346 abrogata
404 3263 463 3343 est,
482 3259 716 3345 libidinoseque
736 3262 824 3326 omni
837 3261 974 3347 imperio
990 3266 1022 3326 et
1037 3263 1151 3328 acerbe

103 3362 129 3402 ³⁵
143 3351 176 3410 et
199 3369 295 3412 avare
317 3348 439 3434 populo
462 3348 682 3433 praefuerunt.
717 3347 807 3415 Nota
826 3351 950 3416 seilicet
969 3351 1028 3415 illa
1047 3373 1100 3416 res
1118 3355 1151 3416 et

17 3461 20 3467 ·
142 3435 305 3501 celebrata
325 3441 550 3510 monumenft1s
569 3437 719 3522 plurimis
738 3438 932 3522 litterarum,
955 3461 1027 3505 cum
1048 3441 1088 3520 [p.
1100 3456 1150 3505 184

142 3522 294 3589 Decimus
327 3525 458 3608 quidam
485 3524 661 3610 Verginius
692 3526 852 3613 virginem
883 3528 986 3592 filiam
1016 3531 1153 3612 propter
