2654 3924
435 224 503 280 ΠΒ.
522 225 544 277 Ι.
564 224 641 280 CAP.
660 229 738 281 s-e,
761 230 891 289 §e-re.
1100 223 1163 287 277

155 372 207 433 est
231 368 335 433 multo
359 368 549 453 proclivius,
576 367 669 432 nulla
690 368 885 433 necessitate
906 371 1074 453 premente
1095 390 1165 432 rem

155 456 321 541 publicam
348 478 462 542 regere
488 455 644 521 nesciant.
684 455 858 540 Equidem,
884 459 922 521 ut
944 477 1057 521 verum
1080 460 1165 520 esset

156 567 216 610 sua
242 545 413 611 voluntate
440 545 621 630 sapientem
648 543 839 609 descendere
862 544 903 609 ad
925 543 1069 610 rationes
1093 544 1166 610 civi·

155 633 236 697 tatis
267 654 335 698 non
361 633 481 717 solere,
513 633 565 697 sin
591 635 701 698 autem
727 632 930 718 temporibus
957 635 1136 719 cogeretur,
1160 630 1165 720 Ι

129 726 227 786 stum
246 721 280 785 id
298 743 415 785 munus
435 721 571 804 denique
589 742 657 785 non
669 742 827 805 recusare,
849 724 962 786 tamen
974 720 1058 785 arbi·
1077 722 1118 801 [p.
1132 737 1166 788 se

157 813 262 874 trarer
279 808 364 874 hanc
381 831 491 874 rerum
509 809 654 874 civilium
671 809 805 874 minime
817 809 1055 896 neglegendam
1068 810 1167 874 scien·

156 898 239 962 tiam
266 897 419 983 sepienti,
446 900 621 983 prepterea
648 897 734 981 quod
761 897 871 963 omnia
893 900 1003 963 essent
1025 897 1055 963 ei
1076 919 1167 983 prae·

157 986 311 1072 paranda,
329 985 447 1070 quibus
465 985 607 1051 nesciret
621 1007 663 1050 an
677 985 851 1069 aliquando
865 986 914 1050 uti
927 1007 1058 1051 necesse
1073 990 1167 1051 esset.
1187 1045 1204 1106 Ἰ

223 1073 314 1140 Haeo
345 1074 494 1159 pluribus
528 1097 548 1138 a
578 1096 630 1138 me
662 1074 770 1139 verbis
803 1074 890 1139 dicta
921 1079 998 1139 sunt
1025 1074 1067 1139 ob
1095 1096 1167 1140 eam
1186 1123 1219 1172 12

118 1181 144 1222 ¹⁰
157 1185 299 1248 causam,
320 1162 406 1247 quod
422 1162 476 1227 his
494 1162 589 1227 libris
608 1166 679 1227 erat
696 1162 849 1227 instituta
866 1166 900 1227 et
918 1166 1069 1248 suscepta
1087 1163 1168 1228 mihi

158 1252 197 1317 de
223 1273 259 1316 re
286 1251 419 1336 publica
446 1251 640 1336 disputati03
668 1271 750 1334 quae
774 1271 816 1314 ne
837 1250 962 1315 frustra
983 1251 1168 1335 haberetur,

157 1340 394 1405 dubitationem
418 1338 551 1404 adrem
573 1338 739 1425 publicam
762 1336 908 1426 adeunldi
929 1339 965 1403 in
986 1340 1050 1425 pri·
1074 1342 1114 1422 [p.
1134 1356 1167 1404 rc

157 1429 220 1493 mis
243 1428 340 1493 debui
362 1428 489 1493 tollere.
534 1428 584 1492 Ac
606 1430 717 1492 tamen
739 1426 768 1491 si
790 1428 846 1511 qui
868 1431 958 1511 sunt,
987 1428 1043 1511 qui
1064 1428 1168 1513 philo-

158 1517 337 1603 sophorum
356 1515 552 1581 auctoritate
570 1517 772 1599 moveantur,
795 1514 872 1579 dent
890 1537 1023 1601 operam
1040 1538 1168 1600 parum·

119 1624 144 1664 re
157 1627 216 1691 per
239 1610 338 1689 atque
361 1604 495 1669 audiant
518 1625 582 1686 eos,
606 1624 744 1688 quorum
767 1625 895 1669 summa
917 1608 967 1668 est
991 1604 1168 1669 auctoritas

158 1693 244 1779 apud
263 1693 469 1758 doctissimos
487 1691 636 1756 homines
653 1695 686 1757 ct
700 1691 819 1777 gloria3
838 1712 919 1776 quos
934 1713 995 1779 ego
1010 1692 1169 1776 existima,

158 1782 288 1846 etiamsi
316 1782 372 1865 qui
398 1781 463 1866 ipsi
485 1801 555 1845 rem
577 1779 742 1865 publicam
763 1801 830 1844 non
853 1781 1033 1866 gesserint,
1051 1784 1169 1865 tamen,

159 1871 312 1955 quoniam
339 1869 379 1934 de
406 1891 442 1933 re
468 1868 601 1954 publica
626 1869 732 1932 multa
759 1869 957 1953 quaesierint
979 1873 1012 1933 et
1036 1869 1169 1955 scripse-

158 1960 234 2042 rint,
251 1958 380 2023 functos
396 1955 471 2022 'esse
490 1956 600 2042 aliquo
617 1956 665 2021 rei
678 1956 827 2041 publicae
840 1979 980 2022 munere.
1011 1958 1078 2023 Eos
1091 1978 1169 2023 vero

119 2064 145 2104 2⁰
159 2050 297 2133 septem,
326 2067 407 2130 quos
436 2043 552 2110 Graeci
584 2044 740 2129 sapientis
766 2042 1039 2132 nomilnaverunt,
1070 2047 1111 2128 [p.
1134 2061 1169 2111 80

159 2135 264 2200 omnis
287 2157 390 2219 paene
410 2133 504 2199 rideo
523 2133 558 2197 in
581 2132 745 2197 mediare
768 2133 900 2219 publica
923 2155 993 2199 esse
1011 2137 1169 2199 versatos.

157 2222 272 2309 Neque
294 2223 380 2287 enim
409 2226 460 2287 est
487 2222 557 2286 ulla
579 2242 644 2305 res,
671 2220 707 2285 in
729 2242 793 2306 qua
814 2221 948 2308 propius
972 2222 1013 2287 ad
1036 2221 1170 2287 deorum

157 2334 278 2378 numen
310 2312 416 2377 virtus
451 2310 584 2376 accedat
616 2308 773 2394 humana,
810 2331 907 2395 quam
937 2311 1080 2376 civitatis
1112 2314 1169 2375 aut

157 2401 294 2467 condere
316 2421 419 2465 novas
443 2403 501 2463 aut
523 2420 715 2465 conservare
736 2399 804 2463 iam
825 2399 981 2464 conditas.

118 2507 144 2546 2⁵
225 2487 350 2565 Quibus
373 2488 412 2552 de
431 2487 537 2572 rebus,
560 2486 714 2571 quoniam
731 2486 827 2551 nobis
845 2487 993 2573 contigit,
1015 2491 1053 2551 ut
1070 2486 1169 2551 iidem
1187 2457 1220 2584 ᾖ

159 2581 193 2641 et
222 2576 258 2641 in
290 2575 432 2662 gerenda
463 2596 498 2640 re
529 2574 662 2660 publica
691 2574 815 2659 aliquid
841 2595 984 2640 essemus
1011 2575 1169 2640 memoria

159 2665 294 2751 dignum
321 2663 486 2729 consecuti
514 2667 547 2728 et
573 2663 608 2728 in
635 2663 833 2748 explicandis
855 2663 1038 2728 rationibus
1060 2685 1167 2728 rerum

159 2752 304 2819 civilium
336 2751 498 2836 quandam
529 2751 720 2817 facultatem
746 2772 813 2816 non
840 2747 944 2839 moldo
971 2772 1046 2835 usu,
1074 2752 1115 2832 [p.
1135 2766 1168 2816 55

160 2841 217 2907 sed
240 2840 338 2905 etiam
362 2840 470 2906 studio
493 2840 636 2906 discendi
658 2843 691 2905 et
714 2839 848 2905 docendi
867 2839 1043 2922 'possemus
1062 2843 1169 2905 aucto

119 2946 145 2988 ιο
159 2951 221 3014 res,
238 2952 311 2995 cum
330 2929 512 3014 superiores
532 2929 588 2993 alii
605 2928 745 2993 fuissent
762 2928 797 2992 in
811 2926 1085 3012 disputationibus
1099 2950 1170 3013 per-

158 3018 269 3105 politi,
294 3039 434 3103 quorum
456 3038 508 3083 res
532 3020 644 3103 gestae
664 3016 775 3081 nullae
797 3015 1032 3101 invenirentur,
1055 3016 1113 3082 alii
1134 3016 1170 3081 in

159 3106 300 3194 gerendo
330 3105 532 3191 probabiles,
563 3105 598 3168 in
628 3103 813 3169 disserendo
842 3102 947 3169 rudes.
992 3102 1062 3170 Nec
1090 3125 1168 3170 vero

157 3198 273 3261 nostra
300 3193 458 3278 quaedam
485 3197 537 3257 est
562 3192 763 3258 instituenda
788 3212 874 3257 nova
901 3195 935 3257 et
963 3192 1100 3259 anobis
1121 3192 1169 3257 in·

159 3287 258 3349 venta
288 3282 387 3366 ratio,
418 3281 474 3346 sed
501 3281 597 3346 unius
625 3280 743 3346 aetatis
771 3279 1027 3347 clarissimorum
1053 3302 1092 3347 cc
1119 3302 1168 3347 sa-

118 3371 438 3457 sapientissimorum
473 3374 605 3436 nostrae
638 3368 781 3436 civitatis
812 3368 957 3435 virorum
990 3369 1168 3456 disputatio

104 3498 109 3506 ·
159 3459 334 3545 repetenda
369 3459 527 3525 memoria
555 3456 560 3541 Ι
590 3460 653 3542 est,
689 3479 771 3542 quae
802 3456 885 3522 mihi
916 3458 1041 3543 tibique
1073 3459 1114 3540 [p.
1133 3471 1168 3523 te

159 3548 322 3634 quondam
341 3547 582 3614 adulescentulo
602 3550 652 3612 est
671 3569 690 3611 a
708 3545 743 3611 P.
757 3544 882 3611 Rutilio
897 3546 992 3631 Rufo,
1012 3544 1168 3632 Smyrnae
