2654 3912
185 198 251 261 394
499 159 500 162 Ὺ
580 195 628 250 nu
647 194 803 251 naerens

184 341 294 429 pergit
326 341 440 407 oratio.
486 339 644 417 Quocirca
673 362 788 405 vercor
815 340 1034 424 committere,
1065 344 1103 406 ut
1129 363 1204 405 non

184 431 265 496 bene
290 431 423 516 provisa
445 432 479 494 et
501 429 675 516 diligenter
699 430 868 514 explorata
890 429 1052 514 principia
1074 451 1204 514 ponan-
1315 434 1316 517 }

183 523 252 603 tur,
280 540 340 584 nec
368 522 480 584 tamen
509 521 547 582 ut
574 516 724 583 omnibus
752 518 934 602 probentur
955 515 1046 603 (nam
1068 517 1101 582 id
1124 517 1204 583 fieri
1315 528 1316 599 j

182 629 249 673 non
267 608 400 692 potest),
422 607 478 672 sed
496 611 533 672 nt
551 605 607 690 eis,
630 605 686 691 qui
704 605 814 671 omnia
831 610 921 671 recta
940 609 1038 690 atque
1055 605 1203 671 honesta
1315 646 1316 691 ἦ

182 717 241 781 per
264 717 299 761 se
322 695 501 781 expetenda
523 693 683 759 duxenmt
707 698 740 759 ct
758 697 815 759 aut
832 694 916 759 nihil
936 695 1068 759 omnino
1086 694 1121 759 in
1140 695 1236 760 bo·a

182 785 235 849 nis
263 783 511 866 numerandum,
543 783 607 847 nisi
635 782 721 867 quod
740 804 806 868 ‚per
834 782 1003 867 seipsum
1030 783 1202 849 laudabile

184 874 283 956 esset,
316 876 373 937 aut
400 876 485 937 certe
512 870 640 935 nullum
668 871 853 936 habendum
880 892 1037 958 magnum
1063 871 1203 954 bonum,
1315 882 1316 977 l

131 976 165 1027 aa
182 961 247 1026 nisi
271 960 357 1046 quod
379 981 453 1025 vere
471 959 598 1024 laudari
617 981 676 1025 sua
694 963 810 1044 sponte
828 963 950 1045 posset,
972 995 1016 1007 -
1034 959 1075 1027 iia
1095 961 1201 1025 omni·
1315 980 1316 1019 ι

182 1051 257 1133 bus,
284 1048 353 1114 sive
380 1048 414 1113 in
436 1048 613 1113 Academia
638 1050 748 1112 vetere
770 1070 844 1113 cum
867 1045 1062 1134 Speusippo,
1089 1046 1200 1115 Xeno·
1315 1102 1316 1119 2

183 1141 281 1221 crate,
302 1136 478 1202 Polemone
501 1140 699 1220 manserunt,
722 1136 791 1201 sive
806 1136 1022 1202 Aristotelem
1045 1139 1079 1202 et
1092 1136 1199 1203 Theo
1214 1154 1246 1196 ro
1315 1156 1316 1223 j

182 1226 355 1312 phrastum
387 1247 457 1291 curn
491 1225 559 1290 illis
591 1224 799 1311 congruentis
831 1246 883 1311 re,
915 1247 1033 1312 genere
1060 1226 1199 1292 docendi

182 1314 317 1400 paulum
340 1313 519 1380 differentis
541 1312 643 1379 secuti
667 1318 756 1397 sunt,
780 1312 862 1397 sive,
883 1317 922 1379 ut
944 1312 1066 1379 Zenoni
1088 1314 1198 1381 visum

183 1407 251 1488 est,
283 1403 380 1468 rebus
411 1424 478 1467 non
509 1401 718 1468 commutatis
749 1401 994 1468 inmutaverunt
1024 1403 1197 1486 vocabula,

183 1492 251 1557 sive
274 1491 373 1556 etiarn
396 1490 562 1556 Aristonis
584 1490 750 1556 difficilem
769 1494 867 1575 atque
885 1491 1030 1576 arduam,
1053 1490 1110 1563 sed
1127 1491 1197 1557 iam
1315 1510 1316 1581 l

141 1634 143 1637 .
182 1584 294 1646 tamen
318 1579 459 1645 fractam
487 1583 520 1644 et
547 1579 729 1645 convictam
756 1584 879 1644 sectam
907 1580 1009 1645 secuti
1037 1582 1127 1664 sunt,
1155 1583 1196 1646 ut
1210 1596 1241 1638 ra
1315 1598 1316 1663 ι

141 1664 143 1667 ’
182 1668 359 1734 virtutibus
379 1668 520 1753 exeeptis
539 1671 637 1752 atque
655 1667 746 1732 vitiis
763 1671 872 1733 cetera
888 1667 924 1733 in
937 1689 1065 1735 summa
1078 1690 1197 1753 aeqna⁴
1315 1688 1316 1697 ¹

107 1832 109 1835 ⁸
182 1758 278 1823 litate
300 1761 468 1843 ponerent,
491 1793 534 1804 -
557 1755 609 1821 his
632 1755 782 1821 omnibus
805 1754 894 1840 haee,
917 1779 1000 1841 quae
1023 1757 1099 1841 dixi,
1121 1779 1195 1841 pro·
1315 1766 1316 1819 ζ

130 1857 164 1908 89
182 1847 309 1912 bantur.
345 1842 415 1910 Sibi
438 1848 547 1910 autem
564 1844 765 1929 indulgentis
783 1848 817 1909 et
834 1845 963 1930 corpori
981 1843 1194 1912 deservientis
1230 1918 1234 1926 ,

183 1940 282 2020 atque
305 1934 424 2018 omnia,
447 1955 529 2018 quae
552 1937 729 2016 sequantur
751 1933 786 1997 in
803 1933 873 1997 vita
891 1955 1036 2018 quaeque
1053 1933 1193 2020 fugiant,
1315 1988 1316 2009 ,

182 2023 407 2108 voluptatibus
439 2025 473 2087 et
505 2021 671 2087 doloribus
700 2021 926 2107 ponderantis,
958 2022 1089 2088 etiamsi
1116 2045 1194 2088 vera
1207 2039 1236 2080 ὀ

183 2112 294 2176 dicunt
316 2109 413 2196 (nihil
437 2109 523 2174 eninr
547 2131 628 2195 opus
648 2112 702 2175 'est
724 2110 787 2175 hoc
809 2111 880 2176 loco
904 2110 1044 2195 litibus),
1067 2111 1102 2176 in
1119 2111 1194 2177 hor·

181 2199 262 2264 tulis
291 2198 358 2263 suis
385 2198 554 2263 iubeamus
582 2197 687 2263 dicere
714 2202 812 2284 atque
839 2198 940 2265 etiam
956 2199 1009 2264 ab
1032 2200 1121 2265 omni
1144 2221 1192 2266 so

182 2288 300 2355 cietate
323 2286 371 2351 rei
393 2286 552 2372 publicae,
578 2286 693 2370 quoius
716 2290 845 2372 partem
865 2309 926 2353 nec
947 2291 1069 2353 norunt
1089 2288 1192 2354 ullam

182 2396 286 2461 neque
313 2396 468 2460 umquem
495 2395 592 2439 nosse
618 2375 804 2459 voluerunt,
833 2375 1000 2462 paulisper
1028 2376 1193 2443 facessant

130 2506 132 2511 ,
181 2484 344 2551 rogemus.
387 2462 663 2530 Perturbatriccm
690 2467 800 2529 autem
827 2462 944 2530 harum
972 2465 1118 2531 omnium
1144 2487 1191 2531 re-
1204 2480 1231 2522 ιδ

181 2575 255 2619 rum
281 2550 505 2636 Academiam,
537 2551 621 2618 hano
648 2552 689 2617 ab
717 2551 865 2618 Arcesila
892 2556 931 2618 et·
952 2551 1118 2620 Oameade
1144 2576 1191 2620 re·

181 2646 317 2725 centem,
340 2662 518 2724 exoremus,
539 2644 578 2706 ut
600 2640 709 2725 sileat3
731 2663 808 2706 nam
827 2641 856 2706 si
873 2641 1031 2707 invaserit
1048 2642 1085 2708 in
1102 2642 1191 2727 haec,

182 2751 265 2816 qnae
287 2728 369 2796 satis
393 2728 473 2795 acite
490 2728 586 2794 nobis
604 2728 765 2796 instructa
782 2732 816 2795 et
832 2730 1015 2815 composita
1032 2730 1191 2817 videntur,

180 2819 299 2884 nimias
327 2818 400 2883 edet
422 2817 548 2902 ruinam
576 2840 674 2902 quem
697 2817 826 2903 quidem
849 2839 911 2905 ego
934 2818 1064 2904 placare
1087 2819 1190 2905 cupio,

182 2928 385 2973 summovere
407 2928 474 2972 non
496 2906 607 2972 audeo.
1123 2939 1124 2942 =
1202 2921 1227 2965 ao

129 2964 172 3092 {04
321 3017 419 3062 ‚nam
446 2998 479 3061 et
505 2994 540 3059 in
566 2994 608 3060 iis
635 2994 705 3060 sine
732 2994 822 3060 illius
850 2995 1045 3061 suffimentis
1069 2994 1190 3082 expiati

182 3105 307 3167 rumus3
324 3087 375 3149 ,at
405 3105 483 3149 vero
514 3084 672 3149 scelerum
698 3083 734 3147 in
759 3083 907 3149 homines
935 3087 1034 3168 atque
1059 3083 1096 3149 in
1122 3084 1190 3150 deos

179 3172 373 3255 impietatum
402 3173 494 3238 nulla
523 3171 665 3257 expiatio
695 3175 754 3237 ert.
799 3169 915 3257 Itaque
944 3193 1067 3258 poenas
1096 3172 1190 3238 luunt
1315 3204 1316 3212 ι

178 3282 246 3326 non
268 3262 338 3324 tam
360 3259 487 3326 iudiciis
511 3257 608 3346 (quae
632 3259 795 3345 quondam
817 3281 978 3345 nusquam
1001 3264 1108 3344 erant,
1129 3260 1189 3327 ho·

129 3362 132 3367 ’
181 3347 232 3413 die
254 3346 470 3412 multifariam
492 3349 583 3412 nulla
606 3351 691 3430 sunt,
714 3347 771 3413 ubi
794 3351 880 3432 sunt,
902 3351 1013 3414 tamen
1035 3362 1225 3435 persaepett

178 3434 265 3500 falsa
301 3434 405 3519 sunt),
441 3435 497 3500 sed
534 3455 589 3499 eos
626 3435 756 3520 agitant
791 3435 1056 3522 insectanturque
1086 3436 1189 3503 iuriae

179 3543 246 3587 non
277 3521 473 3599 ardentibus,
496 3522 615 3599 taedis,
643 3522 728 3602 sicut
756 3521 791 3586 in
816 3522 953 3605 sabulis,
984 3522 1041 3589 sed
1068 3544 1188 3608 angore
