2652 3920
198 196 261 262 176
544 195 593 255 DE
611 195 853 252 DIVINATIONE

239 340 464 408 FlexAnima
500 345 695 426 tamquam
733 341 936 427 ly'mphata
967 344 1033 407 aut
1064 339 1217 444 Itneehr'

996 452 1118 496 saeris

239 516 442 585 Oommdta
461 519 502 583 in
518 518 681 583 tumulis
701 517 888 584 Teucrum
907 520 1212 584 commemoratus

1002 629 1118 673 SUUM.

143 700 183 765 37
195 699 305 782 Atque
338 697 437 762 etiam
469 695 529 760 illa
558 694 733 760 cunetatio
762 695 907 761 declarat
934 697 1000 761 vim
1026 696 1063 761 in
1089 696 1209 761 animis

196 807 266 851 esse
298 784 450 850 divinam.
500 782 611 870 Negat
642 783 728 848 enim
761 783 831 849 sine
862 783 971 851 furore
1001 783 1210 850 Democritus
1309 800 1310 855 ζ

196 895 392 959 quemquam
423 876 555 958 pettam
582 893 738 959 magnum
766 893 836 938 esse
864 893 974 957 posse,
1007 873 1094 957 quod
1120 873 1210 938 idem
1238 890 1253 933 s
1309 870 1310 897 ³

196 963 275 1028 dicit
296 960 404 1027 Plato.
450 959 566 1044 Quem,
590 960 619 1025 si
641 960 764 1046 placet,
788 960 934 1046 appellet
955 959 1108 1045 firrorem,
1131 961 1210 1026 dum
1309 960 1310 969 ’

196 1051 296 1117 medo
320 1051 349 1115 is
375 1049 468 1115 furor
494 1049 543 1114 ita
570 1048 733 1131 laudetur,
764 1052 803 1113 ut
829 1049 865 1114 in
885 1048 1034 1116 Phaedro
1057 1048 1210 1116 Platonis

196 1140 348 1204 laudatus
380 1142 438 1204 est.
484 1136 589 1213 Quid?
622 1140 732 1202 vestra
759 1136 865 1203 oratio
892 1138 928 1202 in
954 1138 1076 1223 causis,
1108 1139 1210 1224 quid?
1309 1150 1310 1203 l

196 1229 270 1313 ipsa
292 1227 377 1293 actio
400 1230 511 1311 potest
533 1247 604 1291 esse
626 1225 801 1291 vehemens
824 1230 858 1291 et
880 1226 991 1312 grauis
1015 1231 1048 1303 et
1067 1229 1211 1313 eopiosa,

195 1316 260 1381 nisi
288 1319 338 1381 est
365 1315 493 1381 animus
519 1314 589 1399 ipse
617 1314 831 1380 commotior?
868 1314 1027 1399 Equidem
1052 1316 1151 1381 etiam
1173 1316 1211 1380 in
1226 1334 1253 1372 10
1309 1346 1310 1375 ι

196 1410 230 1471 te
252 1426 350 1489 saepe
371 1403 439 1468 vidi
461 1406 508 1486 et,
535 1406 573 1466 ut
595 1403 637 1466 ad
659 1402 783 1468 leviora
805 1403 986 1488 veniamus,
1009 1403 1045 1469 in
1066 1404 1210 1490 Aesopo,
1309 1424 1310 1491 ᾗ

196 1492 352 1560 familiari
369 1497 436 1576 tue,
454 1494 585 1556 tantum
604 1491 752 1557 ardorem
771 1491 921 1557 vultuum
935 1495 1033 1577 atque
1051 1496 1210 1577 motuum,

197 1587 235 1647 ut
262 1605 335 1648 eum
362 1580 413 1646 vis
442 1579 601 1664 quaedam
628 1579 827 1646 abstraxisse
853 1602 875 1645 e
901 1602 998 1646 sensu
1021 1581 1140 1646 mentis
1163 1581 1210 1646 vi·
1309 1618 1310 1671 3

198 1672 335 1737 deretur,

145 1774 177 1825 81
264 1758 458 1825 Obiciuntur
475 1757 575 1823 etiam
594 1778 690 1843 saepe
707 1755 841 1842 formae,
865 1779 948 1842 quae
965 1779 1080 1844 reapse
1097 1759 1210 1824 nullae
1224 1777 1251 1816 1⁵
1309 1762 1310 1791 f

198 1852 283 1932 sunt,
306 1847 447 1933 speeiem
470 1850 579 1911 autem
602 1846 754 1929 offenmt3
779 1846 864 1930 quod
883 1844 1060 1934 contigisse
1078 1844 1210 1913 Brenno
1309 1914 1310 1935 ἶ

198 1937 318 2003 dicitur
335 1935 467 2019 eiusque
486 1933 622 2000 Gallicis
641 1934 752 2018 copiis,
771 1956 843 1999 cnm
861 1933 939 2000 fano
953 1934 1119 2020 Apollinis
1134 1936 1210 2001 Del·
1309 1958 1310 1979 ¹

197 2025 286 2111 pbiei
316 2023 477 2089 nefarium
504 2023 628 2088 bellum
655 2022 830 2088 intulisset
875 2022 959 2089 Tum
986 2023 1073 2090 enim
1098 2023 1210 2090 ferunt
1309 2044 1310 2051 ¹

198 2135 238 2179 ex
261 2112 370 2179 eraclo
394 2111 535 2178 ecfatam
558 2133 628 2177 esse
649 2109 818 2195 Pythiam:

241 2200 323 2286 Ego
351 2200 562 2285 previdebo
586 2221 664 2265 rem
686 2196 804 2264 istam
827 2203 864 2265 et
887 2200 1001 2266 albae
1022 2199 1251 2288 virgineam
1309 2262 1310 2285 ,

197 2289 248 2356 Ex
267 2311 331 2375 quo
349 2289 480 2372 factum,
498 2292 536 2352 ut
553 2288 740 2353 viderentur
758 2287 902 2374 virgines
922 2288 1008 2355 ferre
1027 2312 1119 2355 arma
1136 2312 1210 2356 con·

191 2383 251 2444 tra
274 2382 307 2442 et
328 2377 403 2443 nive
427 2375 598 2442 Gallorum
621 2377 812 2441 obrueretur
835 2377 1003 2443 exercitus.

146 2468 188 2534 38
204 2508 207 2517 =
266 2466 462 2533 Aristoteles
485 2464 614 2549 quidem
633 2485 688 2530 eos
708 2464 816 2549 etiam,
840 2464 896 2550 qui
913 2466 1110 2531 valetudinis
1127 2467 1208 2532 vitio

197 2555 343 2621 furerent
370 2558 406 2621 et
431 2552 656 2618 melancholici
683 2552 880 2638 dicerentur,
910 2555 1063 2620 censebat
1089 2555 1209 2621 habere

199 2643 323 2729 aliquid
352 2642 388 2708 in
420 2641 537 2707 animis
566 2641 776 2728 praesagiens
808 2646 906 2727 atque
939 2642 1092 2708 divinum.
1136 2643 1209 2731 Ego
1223 2661 1249 2702 aa

199 2737 309 2798 autem
331 2731 418 2796 haud
441 2729 508 2796 scio
532 2751 574 2794 an
595 2751 654 2796 neo
672 2730 831 2796 cardiacis
854 2729 917 2796 hoc
939 2731 1148 2796 tribuendum
1167 2733 1211 2796 sit

198 2843 257 2888 nee
274 2817 487 2906 phreneticis3
505 2818 606 2883 animi
623 2818 710 2884 enim
728 2817 859 2905 integri,
872 2841 939 2885 non
952 2820 1064 2885 vitiosi
1078 2825 1129 2885 est
1143 2843 1210 2886 cor-

146 2918 180 2971 82
199 2910 288 2996 poris
308 2905 474 2973 divinatio.
512 2905 616 2982 Quam
640 2907 769 2991 quidem
792 2928 863 2972 esse
885 2928 921 2972 re
943 2929 1021 2974 vera
1043 2908 1105 2974 hac
1127 2906 1210 2975 Stoi-

199 3019 311 3064 eorum
333 2995 460 3061 ratione
482 2994 698 3063 concluditur:
727 2992 782 3060 ‘Si
804 2998 895 3061 sunt
917 2994 955 3061 di
976 3018 1098 3081 neque
1122 3002 1210 3064 ante

200 3086 403 3151 declarant
420 3083 657 3167 horninibus,
675 3106 771 3168 quae
788 3083 923 3150 futura
940 3084 1032 3169 sint,
1051 3089 1118 3152 aut
1135 3108 1210 3152 non
1224 3104 1250 3145 eo

201 3174 373 3258 diligunt
386 3171 559 3238 homines
575 3176 653 3256 aut,
672 3171 763 3257 quid
777 3176 1003 3239 eventurum
1018 3172 1084 3259 sit,
1101 3174 1211 3262 igno·

200 3264 290 3326 rant
317 3264 383 3326 aut
411 3260 649 3326 existumant
676 3260 776 3325 nihil
799 3261 992 3327 interesse
1015 3262 1212 3330 hominum

201 3348 314 3433 scire,
342 3348 433 3433 quid
460 3349 513 3413 sit
539 3347 726 3433 futurum,
753 3353 820 3414 aut
846 3371 931 3415 non·
945 3356 1105 3416 censent
1128 3374 1211 3417 esse

200 3458 292 3503 suae
337 3436 559 3505 maiestatis
604 3437 932 3524 praesignifieare
976 3438 1210 3526 bominibus,

201 3546 297 3607 quae
330 3529 419 3590 suut
449 3524 595 3609 futura,
632 3528 698 3593 aut
731 3547 773 3590 ea
805 3547 850 3590 ne
882 3525 958 3610 ipsi
991 3527 1143 3613 quidem
1175 3529 1249 3594 diso
