2654 3924
157 181 222 244 342
514 177 563 232 DE
581 177 629 232 Rs
647 176 804 233 PUBLICA

156 325 212 410 qui
230 323 275 389 sit
293 322 565 409 improbissimus,
583 323 748 388 existimet
766 343 837 387 esse
856 344 983 388 summa
1001 323 1174 409 probitate

156 436 193 480 ac
211 413 283 497 tide,
300 433 424 498 proque
442 412 504 477 hac
525 411 676 497 opinione
695 410 839 476 omnium
859 411 978 476 civium
992 413 1097 477 bonus
1111 413 1173 476 illc

154 503 205 567 vir
231 505 378 585 vexetur,
412 501 572 586 rapiatur,
605 521 720 564 manus
748 499 777 564 ei
806 499 942 585 denique
970 500 1173 585 adferantur,

155 590 349 655 effodiantur
367 589 461 672 oculi,
480 589 660 672 damnetur,
678 587 848 672 vinciatur,
866 592 990 672 uratur,
1009 586 1172 676 extermil·

154 680 235 761 p.11]
252 683 356 763 netur,
375 682 479 764 egeat,
498 681 663 762 postremo
677 677 747 741 iure
762 677 861 742 etiam
876 677 1000 762 optimo
1016 678 1203 743 omnibusa

154 767 355 833 miserrimus
379 788 449 831 esse
471 765 629 850 videatur,
652 768 767 830 contra
789 770 898 831 autem
920 766 978 830 ille
998 766 1172 851 improbus

154 856 313 939 laudetur,
332 855 467 939 colatur,
486 854 528 919 ab
548 854 697 919 omnibus
717 854 883 940 diligatur,
902 876 1015 921 omues
1034 854 1075 919 ad
1094 877 1172 920 eum

153 945 307 1028 honores,
335 942 444 1008 omnia
470 943 620 1028 imperia,
643 964 755 1007 omnes
779 964 866 1029 opes,
890 965 1002 1008 omues
1025 943 1172 1028 undique

154 1033 267 1118 copiae
285 1031 503 1115 conferantur,
521 1031 573 1095 vir
589 1030 725 1116 denique
740 1031 884 1117 optimus
899 1031 1043 1096 omnium
1058 1032 1171 1096 existi-

154 1122 298 1187 matione
321 1124 354 1185 et
384 1119 594 1207 dignissimus
625 1119 714 1185 omni
743 1119 877 1185 fortuna
904 1120 1030 1205 optima
1052 1120 1172 1187 iudice
1187 1141 1217 1182 ro

154 1213 218 1295 tur,
241 1209 313 1294 quis
335 1208 468 1274 tandem
491 1209 553 1274 erit
575 1212 646 1273 tam
664 1208 805 1293 demens,
829 1209 884 1294 qui
903 1209 1040 1294 dubitet,
1058 1213 1169 1276 utrum

157 1320 192 1364 se
216 1319 287 1362 esse
312 1296 429 1362 malit?

104 1367 145 1432 18
222 1384 315 1462 cuod
341 1386 377 1451 in
403 1385 556 1472 singulis,
582 1385 669 1451 uem
696 1390 747 1451 aa
773 1385 808 1451 in
830 1386 974 1472 populis:
1002 1386 1172 1452 nullaesa

102 1445 137 1496 ²⁸
154 1504 183 1556 p.
203 1478 249 1557 12]
273 1480 343 1540 tam
370 1475 474 1540 stulta
496 1475 625 1558 civitas,
645 1475 650 1560 Ι
671 1496 753 1560 quae
775 1497 843 1540 uon
864 1475 984 1541 iniuste
1007 1476 1177 1561 imperare-

154 1564 250 1630 malit
280 1586 377 1648 quam
408 1562 529 1628 servire
557 1563 651 1629 iuste.
697 1562 766 1630 Nec
795 1585 872 1629 vero
900 1564 1031 1651 longius
1060 1564 1170 1629 abibo.
1186 1583 1215 1624 15

155 1651 278 1719 Consul
301 1673 363 1738 ego
387 1652 541 1736 quaesivi,
564 1675 637 1718 cum
657 1674 716 1718 vos
735 1652 816 1718 mihi
834 1653 950 1718 essetis
969 1653 1004 1717 in
1022 1653 1171 1736 consilio,

156 1742 194 1807 de
216 1739 419 1807 Numantino
441 1740 579 1806 foedere.
616 1739 695 1817 Quis
717 1741 893 1829 ignorabat
917 1739 953 1817 Q.
976 1740 1169 1825 Pompeium

153 1829 270 1896 fecisse
291 1830 415 1914 foedus,
438 1829 551 1895 eadem
572 1829 607 1895 in
630 1852 728 1895 causa
751 1851 821 1895 esse
842 1830 1051 1896 Mancinum?
1075 1831 1170 1914 alter,

154 1918 205 1985 vir
233 1918 391 2003 optimus,
419 1918 519 1984 etiam
543 1918 647 1984 suasit
669 1919 875 2005 rogationem
898 1941 948 1983 me
972 1941 1011 1983 ex
1035 1923 1169 1983 senatus

154 2007 303 2074 consulto
330 2006 468 2091 ferente,
498 2007 583 2072 alter
610 2007 765 2073 acerrime
793 2028 828 2071 se
855 2006 1007 2071 defendit.
1053 2005 1088 2072 Si
1109 2031 1168 2093 pu·
1183 2026 1212 2066 ro

155 2097 214 2161 dor
237 2095 414 2180 quaeritur,
437 2095 466 2159 si
488 2095 646 2180 probitas,
669 2095 698 2160 si
720 2095 810 2180 fides,
832 2095 1002 2160 Mancinus
1021 2095 1102 2162 haec
1120 2099 1169 2161 at·

154 2183 242 2267 tulit,
261 2182 294 2247 'si
311 2182 406 2267 ratio,
426 2183 608 2269 consilium,
626 2184 808 2270 prudentia,
825 2182 1000 2270 Pompeius
1020 2186 1168 2249 antistat.

154 2271 290 2339 Utrum.
306 2320 313 2336 .
328 2320 358 2336 ..

435 2412 579 2497 [Aliquot
598 2415 708 2480 desum
722 2416 883 2498 perime]

102 2511 145 2638 ἐξ)
224 2537 306 2604 Tum
327 2538 448 2604 omlsms
470 2539 680 2604 commumlms
701 2540 746 2604 ad
760 2540 894 2621 proprio
916 2539 1053 2604 omiedot
1073 2536 1166 2621 (oar-

154 2627 289 2712 mades).
329 2626 442 2693 Bonus
461 2628 520 2706 mr,
542 2628 657 2710 inquil,
679 2628 709 2693 si
730 2627 840 2691 habeut
859 2648 981 2693 comem
1000 2628 1167 2710 fugitivum
1181 2644 1210 2685 2⁵

154 2717 201 2782 vel
226 2718 353 2783 domum
380 2716 569 2782 insalubrem
598 2737 636 2782 ac
654 2717 859 2799 pestilentem,
885 2736 964 2798 orme
984 2717 1063 2781 oilla
1083 2716 1168 2782 solos
1218 2725 1221 2730 '

155 2807 235 2872 sciet
255 2810 285 2870 et
305 2805 371 2870 ideo
389 2805 577 2887 proscribat,
604 2809 641 2869 ut
660 2806 784 2889 vendut,
810 2809 955 2870 utrumme
970 2804 1169 2888 profitebitur

152 2894 319 2977 fugitivum
345 2913 467 2959 servum
493 2893 540 2959 ml
560 2894 750 2976 pestilentem
777 2894 903 2958 domum
923 2913 955 2959 ae
976 2893 1102 2958 vendere
1123 2913 1168 2957 cm

115 2992 131 3057 ᾗ
155 2982 263 3048 celabit
287 2981 473 3064 emptorem?
509 2980 548 3048 Si
567 2982 775 3064 profitebitur,
803 2981 899 3047 boram
925 2982 1060 3064 quidm,
1092 2982 1168 3064 qaia

154 3091 218 3137 nm
237 3070 335 3151 fallet,
355 3071 411 3136 sed
431 3075 532 3136 tomen
554 3070 666 3136 emm
688 3070 885 3149 iudicabitur,
907 3072 982 3153 qma
1003 3070 1050 3135 cel
1066 3090 1168 3152 porco
1181 3087 1212 3127 ω

154 3160 260 3225 omdet
284 3159 332 3225 rel
353 3160 478 3223 manino
500 3178 565 3224 mom
585 3160 706 3238 condem
734 3159 764 3224 si
785 3159 937 3237 celaverit,
964 3159 1025 3224 erit
1045 3159 1168 3241 quidem

155 3249 292 3329 mmm,
319 3248 395 3328 qum
415 3249 463 3311 rei
484 3248 628 3326 comolet,
654 3249 709 3314 sed
729 3248 809 3313 idem
831 3247 945 3326 molus,
973 3249 1049 3329 quio
1069 3247 1169 3328 fallet.

155 3334 280 3400 Rursus
308 3337 337 3399 si
364 3335 499 3417 reperiat
525 3335 672 3417 altorem,
701 3336 756 3419 omi
784 3335 996 3401 orrriclulmm
1024 3355 1056 3400 se
1078 3340 1169 3418 patet

155 3423 294 3499 vendere,
322 3441 392 3488 cmm
417 3423 461 3487 sit
485 3423 566 3488 ime
590 3444 720 3502 aarum,
749 3429 806 3488 aot
825 3424 1002 3505 plumbum,
1032 3425 1169 3488 comsit

156 3514 329 3592 argentum,
353 3510 510 3589 teoedr'me,
532 3517 568 3576 at
588 3513 624 3578 id
638 3532 738 3590 parvo
760 3517 854 3591 comt,
877 3533 921 3576 am
942 3513 1104 3590 indicabit,
1131 3516 1211 3576 mles
