2652 3908
186 166 229 230 72
452 192 456 199 ·
496 163 546 218 DE
564 162 717 218 NATURA
733 159 889 217 DEORUM

160 269 171 379 i
185 309 388 378 castissimus
406 310 504 394 utque
523 306 747 372 sanctissimus
765 304 1038 392 plenissimusque
1050 307 1203 393 pietatis,

158 416 163 491 p
185 403 224 466 ut
245 419 301 464 eos
324 418 452 484 semper
472 417 569 483 pure,
589 394 738 497 integra,
762 394 951 479 incorrupta
973 399 1007 460 et
1029 400 1138 461 mente
1165 401 1203 462 et

158 500 162 517 ¹
185 508 264 555 voce
285 505 484 552 veneremur.
527 480 605 549 Non
626 504 712 548 emm
734 481 923 568 philosophi
944 483 1059 568 solum,
1080 506 1204 551 verum

134 538 287 733 Lptism
309 575 448 641 maiores
469 571 576 638 nostri
598 570 863 656 superstitionem
886 593 908 636 s
928 572 1086 659 religione
1105 596 1206 659 sepa·

204 667 350 731 suerunt.
394 661 482 727 Nem
505 659 561 746 qui
582 662 673 725 totos
696 659 764 725 dies
786 659 1004 745 precabantur
1026 665 1060 726 et
1081 662 1206 727 immo·
1232 681 1247 723 s

186 752 314 837 labant,
345 754 384 817 ut
410 749 474 816 sibi
500 748 552 814 sui
578 747 674 813 liberi
697 747 889 833 superstites
912 752 1035 833 essent,
1064 772 1206 836 super·

187 839 340 908 stitiosi
371 841 448 905 sunt
478 836 651 923 appellati,
682 836 769 921 quod
795 857 915 901 nomen
943 838 1051 923 potnit
1079 841 1207 924 postes

186 928 301 1012 letius3
334 926 393 1013 qui
423 927 533 993 sutem
565 924 687 1010 onnia,
718 945 801 1009 quse
833 924 874 989 od
905 925 1029 991 cultum
1060 927 1207 993 deorum

186 1016 401 1105 pertinerent,
428 1013 602 1100 diligenter
627 1016 844 1078 retractarent
870 1017 904 1079 et
926 1017 1093 1099 tamquam
1115 1016 1208 1080 rele-

189 1108 313 1194 gerent,
329 1106 407 1169 sunt
424 1102 503 1168 dicti
519 1100 702 1188 religiosi
720 1122 760 1166 ex
776 1100 959 1188 relegendo,
977 1107 1015 1167 ut
1028 1103 1205 1191 elegentes
1223 1116 1250 1164 ιο

189 1217 230 1260 ex
256 1191 419 1280 eligendo,
446 1213 486 1256 ex
514 1187 679 1277 diligendo
701 1189 888 1277 diligentes,
916 1212 955 1256 ex
976 1192 1206 1279 intellegendo

188 1282 425 1368 intellegentes.
469 1277 532 1344 His
559 1279 645 1344 enim
671 1278 706 1343 in
732 1277 841 1343 verbis
865 1278 1016 1344 omnibus
1037 1280 1124 1345 inest
1145 1282 1205 1346 ris
1299 1278 1302 1381 l

189 1370 319 1459 legendi
345 1368 471 1452 eudem,
498 1388 581 1452 quoe
602 1367 638 1432 in
660 1366 823 1453 religioso.
868 1365 922 1433 Ita
943 1367 1066 1434 fectum
1089 1372 1140 1434 est
1166 1370 1206 1434 in

190 1455 645 1614 tttffilttltlttt
663 1455 805 1609 titt
822 1454 896 1608 lt
912 1457 1207 1611 ttttstttt
1222 1558 1251 1608 e

190 1597 308 1720 essent,
331 1633 520 1701 ostendisse.
997 1595 1006 1631 '
1085 1567 1106 1630 q

137 1687 180 1816 ἓξ
278 1723 467 1791 Proximum
498 1724 562 1804 est,
597 1723 636 1786 ut
667 1719 799 1785 doceam
831 1719 964 1786 deorum
995 1722 1208 1808 providentia
1305 1708 1306 1779 i

190 1811 347 1880 mundum
377 1809 608 1876 administrari
651 1807 791 1896 Magnus
821 1830 899 1875 sune
928 1810 1018 1876 locus
1046 1815 1208 1877 estete
1306 1814 1307 1859 l

190 1900 323 1985 vestris,
350 1896 463 1982 Cotta,
489 1899 638 1980 vexatus,
665 1918 703 1962 sc
728 1896 883 1962 nimirum
908 1898 1078 1966 vobiscum
1104 1921 1207 1966 omne
1307 1920 1308 1955 l

191 1993 356 2057 certamen
377 1990 437 2054 est.
481 1984 569 2051 Num
590 1985 699 2071 robis,
724 1984 845 2071 Vellei,
872 1986 979 2052 minus
1001 1992 1117 2054 notum
1139 1994 1206 2074 est,
1219 2006 1251 2049 ss

192 2100 288 2165 quem
310 2075 353 2142 sd
375 2073 508 2141 modum
530 2073 670 2159 quidque
693 2073 833 2158 dicatur,
855 2079 966 2141 vestra
987 2076 1075 2142 enim
1094 2077 1205 2142 solum

192 2165 317 2253 legitis,
348 2167 460 2230 restra
490 2162 622 2247 emotis,
653 2166 779 2229 ceteros
808 2184 907 2229 causa
933 2164 1102 2252 incognita
1128 2188 1205 2232 con-

193 2253 362 2320 demnetis.
405 2251 508 2317 Velut
537 2273 558 2317 e
584 2254 619 2317 ts
646 2250 719 2337 ipso
748 2250 902 2317 hesterno
932 2251 983 2318 die
1006 2253 1206 2319 dictumest

193 2364 292 2409 enum
313 2340 481 2407 fatidicam
503 2335 668 2426 πρόνοιαν
690 2336 846 2406 aStoicis
869 2340 986 2426 induci,
1008 2341 1043 2407 id
1061 2346 1112 2406 est
1129 2364 1205 2429 pro
1264 2352 1267 2356 ’

192 2430 379 2496 ridentium
424 2428 517 2507 Quod
548 2450 587 2496 eo
619 2449 728 2493 errore
760 2427 884 2514 dixisti,
916 2430 994 2515 quie
1024 2430 1205 2495 existumas
1220 2444 1249 2489 ss

194 2519 235 2585 ab
258 2517 300 2584 iis
321 2517 560 2605 providentiam
582 2516 665 2601 fingi
687 2517 781 2601 qussi
801 2517 964 2602 quandem
983 2517 1076 2584 deum
1095 2519 1207 2605 singu·

193 2609 311 2692 larem,
338 2628 420 2692 quse
443 2606 598 2672 mundum
621 2626 750 2670 omnem
773 2606 933 2692 gubernet
956 2610 989 2672 et
1010 2610 1119 2695 reget3
1147 2607 1207 2672 sed

143 2709 177 2759 τι
194 2696 230 2762 id
256 2696 400 2783 praecise
428 2695 555 2761 dicitur.
598 2691 659 2778 Ut,
686 2692 716 2757 si
744 2694 816 2779 quis
846 2693 933 2761 diost
954 2694 1208 2762 Atheniensium

193 2807 264 2851 rem
285 2784 451 2872 publicam
468 2781 605 2850 oonsilio
623 2781 703 2869 regi,
726 2782 810 2848 desit
829 2782 912 2849 illud
926 2782 1125 2871 ‘Areopagi',
1149 2785 1207 2870 sic,

194 2895 268 2940 cum
288 2872 423 2939 dicimus
441 2870 647 2957 providentia
664 2870 820 2936 mundum
839 2871 1070 2957 administrari,
1093 2872 1249 2939 deesses·

194 2962 354 3029 arbitrato
384 2957 560 3043 ‘deorum'3
586 2958 681 3044 plene
708 2962 819 3025 sutem
847 2963 880 3026 et
906 2960 1049 3046 perfecte
1072 2961 1119 3027 sic
1143 2962 1209 3027 dici

195 3050 395 3117 existimato:
418 3045 623 3133 providentis
645 3046 777 3113 deorum
800 3049 953 3113 mundum
974 3048 1208 3115 administrari.
1282 3068 1285 3073 ’

193 3138 247 3205 Ita
270 3139 373 3204 salem
394 3136 505 3220 istum,
528 3157 591 3220 quo
615 3138 705 3201 curet
723 3139 834 3200 restro
851 3137 953 3221 natio,
976 3135 1011 3200 in
1028 3137 1209 3203 inridendis

193 3226 289 3294 nobis
311 3223 452 3291 nolitote
474 3245 671 3308 consumere,
694 3227 727 3289 et
745 3223 915 3309 mehercle,
938 3225 967 3290 si
985 3247 1037 3291 me
1056 3225 1209 3310 audistis,

194 3336 236 3381 ne
265 3312 478 3415 experiamini
508 3311 651 3397 quidem3
682 3332 750 3377 non
778 3311 882 3414 decet,
911 3335 979 3379 non
1006 3313 1120 3379 datum
1148 3321 1209 3398 est,
1222 3332 1250 3376 ss

194 3399 555 3554 &diffidendi
570 3399 1211 3556 tttl‘htrtmttttcttt
