2652 3908
184 176 246 243 138
489 173 540 229 oa
558 172 884 229 unruusoaoaun

179 322 313 410 frugum
339 324 373 388 et
398 319 577 406 fructuum,
608 341 738 386 omnem
765 317 902 404 denique
924 317 1189 386 commoditatem

131 438 134 442 ·
180 411 496 498 prosperitatemque
510 409 597 474 vitae
611 430 632 473 a
645 409 694 473 dis
709 407 893 493 sehabe1e3
910 408 1066 473 virtutem
1080 412 1189 473 autem

127 511 161 561 87
180 522 275 566 nemo
294 521 449 585 umquam
468 500 633 583 acceptam
653 498 712 562 deo
731 497 868 562 rettulit.
908 495 1073 562 Nimirum
1090 500 1190 580 recte3

180 593 316 675 propter
331 587 487 653 virtutem
501 588 587 652 enim
600 586 671 650 iure
683 585 855 650 laudamur
868 587 902 651 et
914 584 949 651 in
962 584 1085 651 virtute
1102 589 1190 651 recte

181 676 376 765 gloriamur3
398 675 484 762 quod
506 696 573 740 non
595 673 807 761 contingeret,
829 673 859 739 si
880 673 915 739 id
937 674 1057 740 donum
1080 696 1100 739 a
1122 674 1191 753 deo,
1217 692 1230 733 s

179 784 247 832 non
269 788 290 831 a
311 764 407 831 nobis
428 762 631 829 haberemus.
667 763 715 828 At
736 768 813 829 vero
832 766 890 828 aut
906 762 1086 830 honoribus
1104 763 1191 829 aucti

182 859 239 920 aut
269 876 305 919 re
332 852 502 937 familiari,
531 855 589 917 aut
614 851 644 917 si
666 851 756 917 aliud
778 850 946 937 quippiam
967 852 1057 918 nacti
1080 873 1191 917 sumus

180 942 311 1009 fortuiti
333 942 412 1007 boni
435 944 492 1007 aut
511 940 693 1027 depulimus
711 940 800 1024 mali,
822 944 894 1005 tum
913 938 962 1005 dis
981 940 1106 1028 gratias
1125 941 1192 1027 agi·

50 1076 53 1081 »
181 1052 263 1186 ppos,
285 1034 357 1134 tum
378 1029 617 1183 nihildnpstrae
640 1028 730 1130 laudi
753 1028 962 1182 adsumppium
970 1028 1192 1182 dpsrbitrpmur.
1206 1137 1233 1178 m

183 1141 376 1295 datu
396 1139 482 1293 tlt
509 1139 612 1290 ld}
634 1138 950 1290 diluistis?
964 1139 1194 1291 stult.

182 1298 255 1363 mis.
298 1295 474 1381 Iovemque
506 1299 676 1381 optumum
709 1297 743 1359 et
773 1316 961 1359 maxumum
987 1294 1030 1360 ob
1058 1316 1113 1361 eas
1140 1316 1193 1361 res

183 1385 361 1472 appellant,
382 1405 450 1450 non
472 1383 558 1470 quod
580 1405 641 1449 nos
658 1385 774 1468 iustos,
796 1387 1007 1469 temperatos,
1029 1385 1193 1470 sapientes

183 1474 315 1559 efficiat,
333 1473 389 1539 sed
403 1471 489 1559 quod
503 1473 623 1558 salvos,
640 1471 822 1557 incolumis,
839 1472 1021 1557 opulentos,
1035 1473 1193 1558 copiosos.

130 1576 164 1628 ss
182 1563 297 1648 Neque
318 1561 453 1629 Herculi
476 1560 648 1646 quisquam
670 1560 838 1627 decumam
860 1561 952 1626 vovit
974 1584 1142 1646 umquam,
1165 1563 1234 1627 sire

184 1653 313 1738 sapiens
335 1650 444 1716 iactus
468 1654 562 1715 esset.
608 1648 811 1734 Quamquam
833 1648 1041 1736 Pythagoras
1064 1672 1137 1716 cum
1159 1650 1194 1716 in

184 1739 364 1828 geometria
387 1738 540 1825 quiddam
562 1739 640 1803 novi
662 1738 849 1823 invenisset,
871 1737 974 1803 Musis
997 1739 1113 1804 bovem
1135 1739 1194 1805 im·

183 1830 324 1895 molasse
352 1828 483 1913 dieitur3
515 1827 572 1891 sed
597 1826 632 1891 id
660 1826 788 1910 quidem
811 1848 878 1892 non
900 1826 1010 1911 credo,
1040 1829 1194 1912 quoniam

182 1919 240 1984 ille
266 1939 308 1983 ne
331 1915 478 2002 Apollini
506 1914 635 2000 quidem
657 1914 753 1981 Delio
776 1914 925 2001 ¹hostiam
946 1915 1117 1981 immolare
1140 1939 1195 1981 vo·

183 2006 256 2091 luit,
277 2027 318 2070 ne
341 2027 432 2070 aram
456 2004 614 2091 sanguine
636 2007 834 2090 aspergeret.
871 2003 923 2068 Ad
941 2027 1010 2070 rem
1029 2009 1138 2070 autem
1156 2009 1194 2070 ut
1207 2023 1234 2063 20

182 2096 322 2179 redeam,
340 2092 494 2158 iudicium
512 2092 575 2157 hoc
589 2091 733 2158 omnium
747 2092 937 2157 mortalium
951 2096 1010 2178 est,
1027 2092 1193 2159 fortunam

184 2207 205 2250 a
226 2182 286 2248 deo
304 2180 487 2268 petendam,
510 2203 531 2247 a
548 2181 673 2266 seipso
692 2181 881 2246 sumendam
901 2203 971 2247 esse
990 2182 1193 2267 sapientiam.

183 2270 339 2348 Quamvis
366 2269 443 2335 licet
464 2268 568 2335 Menti
591 2269 726 2334 delubra
748 2273 782 2334 et
803 2268 930 2335 Virtuti
952 2273 986 2335 et
1007 2269 1099 2335 Fidei
1121 2293 1194 2336 con·

185 2380 360 2442 sacremus,
391 2362 502 2424 tamen
533 2357 613 2424 haec
644 2359 679 2423 in
709 2357 913 2444 nobisipsis
942 2359 1007 2424 sita
1032 2358 1193 2444 ridemus3

184 2447 270 2534 Spei,
292 2444 425 2533 Salutis,
447 2447 536 2533 Opis,
558 2445 723 2512 Victoriae
745 2445 885 2512 facultas
909 2469 929 2513 a
947 2446 997 2513 dis
1016 2448 1194 2533 expetenda
1206 2464 1233 2506 2⁵

184 2541 243 2602 est.
282 2535 501 2622 Inproborum
523 2536 626 2622 igitur
647 2536 883 2621 prosperitates
902 2535 1122 2622 secundaeque
1141 2558 1193 2602 res

183 2625 393 2712 redarguunt,
415 2628 454 2689 ut
471 2624 634 2711 Diogenes
658 2624 795 2707 dicebat,
817 2623 884 2688 vim
908 2646 1037 2690 omnem
1060 2625 1193 2691 deorum

130 2686 171 2813 ἓξ
184 2737 221 2781 ec
247 2717 456 2801 potestatem.
505 2713 644 2778 Atrion
669 2734 847 2797 numquam
873 2712 978 2779 bonos
1005 2713 1110 2779 exitus
1137 2714 1194 2780 ha·

184 2806 264 2870 bont
281 2802 368 2868 boni.
403 2801 470 2867 Eos
490 2800 619 2886 quidem
638 2801 811 2886 arripimus
831 2801 1105 2888 attribuimusque
1124 2803 1193 2868 sine

184 2893 253 2957 ulla
279 2890 406 2956 ratione
433 2890 482 2955 dis
505 2889 743 2955 inmortalibus.
788 2889 1019 2977 acusagorus
1043 2913 1116 2957 cum
1138 2888 1234 2956 Sa-so

184 2980 388 3046 mothracam
415 2978 570 3062 venisset,
599 2973 703 3055 ἄθεος
723 2977 780 3043 ille
804 2978 860 3064 qui
883 2978 1012 3063 dicitur,
1043 2984 1140 3065 atque
1164 2978 1193 3043 ei

184 3068 317 3153 quidam
345 3067 467 3133 amicus
491 3065 574 3151 εΤιι,
602 3067 667 3153 qui
694 3067 783 3132 deos
806 3070 921 3152 putas
945 3068 1110 3133 humana
1131 3088 1194 3131 ne·

186 3157 356 3243 glegere‚
391 3177 515 3221 nonne
551 3155 831 3221 animadvertis
867 3178 911 3221 ex
946 3159 1007 3221 tot
1042 3154 1193 3221 tabulis

185 3245 318 3330 pictis,
341 3265 453 3328 quam
475 3243 589 3310 multi
611 3244 715 3308 votis
734 3243 809 3308 vim
827 3243 1077 3330 tempestatis
1096 3243 1193 3310 effu-

186 3333 318 3418 gerint
344 3331 384 3397 in
410 3336 640 3418 portumque
663 3331 764 3397 salvi
786 3332 1088 3418 pervenerintl',
1116 3332 1233 3400 ‘Isau

184 3419 261 3504 fit’,
287 3419 408 3505 inquit3
437 3419 516 3486 ‘illi
544 3421 643 3486 enim
670 3441 860 3505 nusquam
881 3420 979 3505 picti
1002 3425 1105 3505 sunt,
1129 3422 1195 3507 qui

185 3507 395 3594 naufragia
411 3508 589 3575 fecerunt
602 3509 641 3573 iu
654 3508 827 3591 marique
841 3508 1064 3591 perierunt?
1091 3510 1194 3576 Idem·
1322 3532 1324 3537 ‘
