<?xml version="1.0" encoding="UTF-8"?>
<!DOCTYPE html PUBLIC "-//W3C//DTD XHTML 1.0 Transitional//EN"
    "http://www.w3.org/TR/xhtml1/DTD/xhtml1-transitional.dtd">
<html xmlns="http://www.w3.org/1999/xhtml" xml:lang="en" lang="en">
 <head>
  <title>
</title>
<meta http-equiv="Content-Type" content="text/html;charset=utf-8" />
  <meta name='ocr-system' content='tesseract 3.04.00' />
  <meta name='ocr-capabilities' content='ocr_page ocr_carea ocr_par ocr_line ocrx_word'/>
</head>
<body>
  <div class='ocr_page' id='page_1' title='image "./mtulliiciceroni00salegoog_0365.png"; bbox 0 0 2654 3924; ppageno 0'>
   <div class='ocr_carea' id='block_1_1' title="bbox 173 187 824 255">
    <p class='ocr_par' dir='ltr' id='par_1_1' title="bbox 173 187 824 255">
     <span class='ocr_line' id='line_1_1' title="bbox 173 187 824 255; baseline -0.022 -1"><span class='ocrx_word' id='word_1_1' title='bbox 173 189 240 255; x_wconf 81' lang='grc'><strong>312</strong></span> <span class='ocrx_word' id='word_1_2' title='bbox 534 188 583 243; x_wconf 81' lang='lat' dir='ltr'><strong>DE</strong></span> <span class='ocrx_word' id='word_1_3' title='bbox 602 187 650 242; x_wconf 84' lang='lat' dir='ltr'><strong>RE</strong></span> <span class='ocrx_word' id='word_1_4' title='bbox 668 187 824 243; x_wconf 87' lang='lat' dir='ltr'><strong>PUBLICA</strong></span> 
     </span>
    </p>
   </div>
   <div class='ocr_carea' id='block_1_2' title="bbox 120 326 1302 3602">
    <p class='ocr_par' dir='ltr' id='par_1_2' title="bbox 120 326 1302 3602">
     <span class='ocr_line' id='line_1_2' title="bbox 172 326 1302 420; baseline 0.002 -21"><span class='ocrx_word' id='word_1_5' title='bbox 172 363 201 417; x_wconf 83' lang='lat' dir='ltr'><strong>p.</strong></span> <span class='ocrx_word' id='word_1_6' title='bbox 216 336 282 411; x_wconf 79' lang='lat'>242]</span> <span class='ocrx_word' id='word_1_7' title='bbox 299 334 336 399; x_wconf 90' lang='lat' dir='ltr'><strong>in</strong></span> <span class='ocrx_word' id='word_1_8' title='bbox 356 333 390 398; x_wconf 91' lang='lat' dir='ltr'><strong>id</strong></span> <span class='ocrx_word' id='word_1_9' title='bbox 408 334 574 401; x_wconf 81' lang='lat' dir='ltr'><strong>soeculum</strong></span> <span class='ocrx_word' id='word_1_10' title='bbox 591 332 724 398; x_wconf 86' lang='lat' dir='ltr'><strong>Romuli</strong></span> <span class='ocrx_word' id='word_1_11' title='bbox 742 331 856 399; x_wconf 78' lang='lat' dir='ltr'><strong>cecidit</strong></span> <span class='ocrx_word' id='word_1_12' title='bbox 875 335 975 419; x_wconf 88' lang='lat' dir='ltr'><strong>aetas,</strong></span> <span class='ocrx_word' id='word_1_13' title='bbox 997 356 1071 400; x_wconf 84' lang='lat' dir='ltr'><strong>eum</strong></span> <span class='ocrx_word' id='word_1_14' title='bbox 1089 335 1096 420; x_wconf 87' lang='grc' dir='ltr'>Ι</span> <span class='ocrx_word' id='word_1_15' title='bbox 1115 337 1192 400; x_wconf 86' lang='lat' dir='ltr'><strong>iam</strong></span> <span class='ocrx_word' id='word_1_16' title='bbox 1301 326 1302 389; x_wconf 73' lang='lat' dir='ltr'><strong>l</strong></span> 
     </span>
     <span class='ocr_line' id='line_1_3' title="bbox 173 421 1191 509; baseline 0.001 -22"><span class='ocrx_word' id='word_1_17' title='bbox 173 423 271 509; x_wconf 91' lang='lat' dir='ltr'><strong>plena</strong></span> <span class='ocrx_word' id='word_1_18' title='bbox 294 422 431 488; x_wconf 82' lang='lat' dir='ltr'><strong>Graecia</strong></span> <span class='ocrx_word' id='word_1_19' title='bbox 451 425 623 508; x_wconf 65' lang='lat' dir='ltr'><strong>poetarum</strong></span> <span class='ocrx_word' id='word_1_20' title='bbox 641 425 675 486; x_wconf 87' lang='lat' dir='ltr'><strong>et</strong></span> <span class='ocrx_word' id='word_1_21' title='bbox 692 421 889 486; x_wconf 83' lang='lat' dir='ltr'><strong>musicorum</strong></span> <span class='ocrx_word' id='word_1_22' title='bbox 908 426 994 487; x_wconf 85' lang='lat' dir='ltr'><strong>esset</strong></span> <span class='ocrx_word' id='word_1_23' title='bbox 1012 423 1191 509; x_wconf 82' lang='lat' dir='ltr'><strong>minorque</strong></span> 
     </span>
     <span class='ocr_line' id='line_1_4' title="bbox 172 509 1302 577; baseline 0.002 -2"><span class='ocrx_word' id='word_1_24' title='bbox 172 510 294 576; x_wconf 86' lang='lat' dir='ltr'><strong>fabulis</strong></span> <span class='ocrx_word' id='word_1_25' title='bbox 316 510 381 575; x_wconf 88' lang='lat' dir='ltr'><strong>nisi</strong></span> <span class='ocrx_word' id='word_1_26' title='bbox 403 510 442 576; x_wconf 90' lang='lat' dir='ltr'><strong>de</strong></span> <span class='ocrx_word' id='word_1_27' title='bbox 463 510 628 576; x_wconf 80' lang='lat' dir='ltr'><strong>veteribus</strong></span> <span class='ocrx_word' id='word_1_28' title='bbox 651 509 748 575; x_wconf 91' lang='lat' dir='ltr'><strong>rebus</strong></span> <span class='ocrx_word' id='word_1_29' title='bbox 770 509 947 575; x_wconf 74' lang='lat' dir='ltr'>haberetur</span> <span class='ocrx_word' id='word_1_30' title='bbox 968 510 1057 577; x_wconf 90' lang='lat' dir='ltr'><strong>fides.</strong></span> <span class='ocrx_word' id='word_1_31' title='bbox 1094 510 1190 577; x_wconf 86' lang='lat' dir='ltr'><strong>Nam</strong></span> <span class='ocrx_word' id='word_1_32' title='bbox 1301 534 1302 547; x_wconf 60' lang='lat'>¹</span> 
     </span>
     <span class='ocr_line' id='line_1_5' title="bbox 173 597 1190 700; baseline -0.002 -34"><span class='ocrx_word' id='word_1_33' title='bbox 173 604 303 667; x_wconf 88' lang='lat' dir='ltr'><strong>eentum</strong></span> <span class='ocrx_word' id='word_1_34' title='bbox 331 602 364 664; x_wconf 92' lang='lat' dir='ltr'><strong>et</strong></span> <span class='ocrx_word' id='word_1_35' title='bbox 393 602 467 665; x_wconf 85' lang='lat' dir='ltr'><strong>octo</strong></span> <span class='ocrx_word' id='word_1_36' title='bbox 490 598 583 664; x_wconf 90' lang='lat' dir='ltr'><strong>annis</strong></span> <span class='ocrx_word' id='word_1_37' title='bbox 606 601 781 683; x_wconf 85' lang='lat' dir='ltr'><strong>postquam</strong></span> <span class='ocrx_word' id='word_1_38' title='bbox 803 597 971 700; x_wconf 83' lang='lat' dir='ltr'><strong>Lyeurgus</strong></span> <span class='ocrx_word' id='word_1_39' title='bbox 994 600 1083 687; x_wconf 89' lang='lat' dir='ltr'><strong>leges</strong></span> <span class='ocrx_word' id='word_1_40' title='bbox 1106 601 1190 666; x_wconf 80' lang='lat' dir='ltr'><strong>sori-</strong></span> 
     </span>
     <span class='ocr_line' id='line_1_6' title="bbox 173 685 1223 773; baseline -0.001 -19"><span class='ocrx_word' id='word_1_41' title='bbox 173 689 249 755; x_wconf 84' lang='lat' dir='ltr'>bere</span> <span class='ocrx_word' id='word_1_42' title='bbox 275 687 433 771; x_wconf 72' lang='lat' dir='ltr'><strong>instituit,</strong></span> <span class='ocrx_word' id='word_1_43' title='bbox 460 687 567 773; x_wconf 85' lang='lat' dir='ltr'><strong>prima</strong></span> <span class='ocrx_word' id='word_1_44' title='bbox 587 685 698 772; x_wconf 89' lang='lat' dir='ltr'><strong>posita</strong></span> <span class='ocrx_word' id='word_1_45' title='bbox 719 691 770 752; x_wconf 91' lang='lat' dir='ltr'><strong>est</strong></span> <span class='ocrx_word' id='word_1_46' title='bbox 792 685 971 773; x_wconf 74' lang='lat' dir='ltr'><strong>Olympus,</strong></span> <span class='ocrx_word' id='word_1_47' title='bbox 993 710 1091 773; x_wconf 85' lang='lat' dir='ltr'><strong>quem</strong></span> <span class='ocrx_word' id='word_1_48' title='bbox 1115 689 1223 773; x_wconf 83' lang='lat' dir='ltr'><strong>qui-⁵</strong></span> 
     </span>
     <span class='ocr_line' id='line_1_7' title="bbox 174 768 1302 861; baseline -0.002 -19"><span class='ocrx_word' id='word_1_49' title='bbox 174 777 249 842; x_wconf 90' lang='lat' dir='ltr'><strong>dam</strong></span> <span class='ocrx_word' id='word_1_50' title='bbox 279 775 421 842; x_wconf 90' lang='lat' dir='ltr'><strong>nominis</strong></span> <span class='ocrx_word' id='word_1_51' title='bbox 448 797 557 841; x_wconf 87' lang='lat' dir='ltr'><strong>errore</strong></span> <span class='ocrx_word' id='word_1_52' title='bbox 585 775 626 841; x_wconf 86' lang='lat' dir='ltr'><strong>ab</strong></span> <span class='ocrx_word' id='word_1_53' title='bbox 655 775 767 841; x_wconf 91' lang='lat' dir='ltr'><strong>eodem</strong></span> <span class='ocrx_word' id='word_1_54' title='bbox 793 775 942 861; x_wconf 78' lang='lat' dir='ltr'><strong>Lycurgo</strong></span> <span class='ocrx_word' id='word_1_55' title='bbox 969 777 1189 843; x_wconf 79' lang='lat' dir='ltr'><strong>constitutam</strong></span> <span class='ocrx_word' id='word_1_56' title='bbox 1301 768 1302 827; x_wconf 73' lang='grc' dir='ltr'>Ῐ</span> 
     </span>
     <span class='ocr_line' id='line_1_8' title="bbox 172 863 1302 952; baseline -0.001 -21"><span class='ocrx_word' id='word_1_57' title='bbox 172 868 305 952; x_wconf 83' lang='lat' dir='ltr'><strong>putant3</strong></span> <span class='ocrx_word' id='word_1_58' title='bbox 333 863 513 930; x_wconf 85' lang='lat' dir='ltr'><strong>Homerum</strong></span> <span class='ocrx_word' id='word_1_59' title='bbox 541 866 664 948; x_wconf 86' lang='lat' dir='ltr'><strong>autem,</strong></span> <span class='ocrx_word' id='word_1_60' title='bbox 693 863 750 950; x_wconf 91' lang='lat' dir='ltr'><strong>qui</strong></span> <span class='ocrx_word' id='word_1_61' title='bbox 776 863 946 929; x_wconf 91' lang='lat' dir='ltr'><strong>minimum</strong></span> <span class='ocrx_word' id='word_1_62' title='bbox 969 864 1094 951; x_wconf 84' lang='lat' dir='ltr'><strong>dieunt,</strong></span> <span class='ocrx_word' id='word_1_63' title='bbox 1121 865 1189 950; x_wconf 80' lang='lat' dir='ltr'><strong>Ly·</strong></span> <span class='ocrx_word' id='word_1_64' title='bbox 1301 872 1302 897; x_wconf 66' lang='lat'>¹</span> 
     </span>
     <span class='ocr_line' id='line_1_9' title="bbox 120 951 1187 1040; baseline 0.002 -23"><span class='ocrx_word' id='word_1_65' title='bbox 120 953 268 1040; x_wconf 74' lang='lat' dir='ltr'><strong>resurgi</strong></span> <span class='ocrx_word' id='word_1_66' title='bbox 294 953 395 1018; x_wconf 88' lang='lat' dir='ltr'><strong>aetati</strong></span> <span class='ocrx_word' id='word_1_67' title='bbox 422 952 562 1039; x_wconf 84' lang='lat' dir='ltr'><strong>triginta</strong></span> <span class='ocrx_word' id='word_1_68' title='bbox 584 951 677 1018; x_wconf 88' lang='lat' dir='ltr'><strong>anuis</strong></span> <span class='ocrx_word' id='word_1_69' title='bbox 700 955 902 1038; x_wconf 85' lang='lat' dir='ltr'><strong>anteponunt</strong></span> <span class='ocrx_word' id='word_1_70' title='bbox 923 953 1001 1019; x_wconf 83' lang='lat' dir='ltr'><strong>fere.</strong></span> <span class='ocrx_word' id='word_1_71' title='bbox 1044 952 1187 1039; x_wconf 81' lang='lat' dir='ltr'><strong>Exque</strong></span> 
     </span>
     <span class='ocr_line' id='line_1_10' title="bbox 173 1038 1188 1129; baseline -0.001 -21"><span class='ocrx_word' id='word_1_72' title='bbox 173 1071 201 1123; x_wconf 82' lang='lat' dir='ltr'><strong>p.</strong></span> <span class='ocrx_word' id='word_1_73' title='bbox 220 1043 286 1124; x_wconf 82' lang='lat'><strong>301]</strong></span> <span class='ocrx_word' id='word_1_74' title='bbox 309 1039 458 1127; x_wconf 81' lang='lat' dir='ltr'><strong>intellegi</strong></span> <span class='ocrx_word' id='word_1_75' title='bbox 475 1044 586 1126; x_wconf 88' lang='lat' dir='ltr'><strong>potest</strong></span> <span class='ocrx_word' id='word_1_76' title='bbox 602 1039 774 1127; x_wconf 83' lang='lat' dir='ltr'><strong>permultis</strong></span> <span class='ocrx_word' id='word_1_77' title='bbox 793 1041 886 1106; x_wconf 89' lang='lat' dir='ltr'><strong>annis</strong></span> <span class='ocrx_word' id='word_1_78' title='bbox 905 1038 990 1129; x_wconf 80' lang='lat' dir='ltr'><strong>athe</strong></span> <span class='ocrx_word' id='word_1_79' title='bbox 1002 1041 1188 1107; x_wconf 89' lang='lat' dir='ltr'><strong>Homerum</strong></span> 
     </span>
     <span class='ocr_line' id='line_1_11' title="bbox 173 1129 1235 1215; baseline 0 -19"><span class='ocrx_word' id='word_1_80' title='bbox 173 1131 274 1196; x_wconf 86' lang='lat' dir='ltr'><strong>fuisse</strong></span> <span class='ocrx_word' id='word_1_81' title='bbox 304 1151 402 1215; x_wconf 92' lang='lat' dir='ltr'><strong>quam</strong></span> <span class='ocrx_word' id='word_1_82' title='bbox 424 1129 614 1214; x_wconf 82' lang='lat' dir='ltr'><strong>Romulum,</strong></span> <span class='ocrx_word' id='word_1_83' title='bbox 642 1133 680 1194; x_wconf 92' lang='lat' dir='ltr'><strong>ut</strong></span> <span class='ocrx_word' id='word_1_84' title='bbox 708 1129 775 1194; x_wconf 89' lang='lat' dir='ltr'><strong>iam</strong></span> <span class='ocrx_word' id='word_1_85' title='bbox 803 1129 907 1196; x_wconf 89' lang='lat' dir='ltr'><strong>dootis</strong></span> <span class='ocrx_word' id='word_1_86' title='bbox 934 1129 1121 1196; x_wconf 92' lang='lat' dir='ltr'><strong>hominibus</strong></span> <span class='ocrx_word' id='word_1_87' title='bbox 1145 1153 1187 1196; x_wconf 88' lang='lat' dir='ltr'><strong>ao</strong></span> <span class='ocrx_word' id='word_1_88' title='bbox 1202 1149 1235 1188; x_wconf 82' lang='grc' dir='ltr'><strong>ιο</strong></span> 
     </span>
     <span class='ocr_line' id='line_1_12' title="bbox 174 1217 1302 1305; baseline 0 -20"><span class='ocrx_word' id='word_1_89' title='bbox 174 1217 377 1305; x_wconf 80' lang='lat' dir='ltr'><strong>temporibus</strong></span> <span class='ocrx_word' id='word_1_90' title='bbox 398 1217 479 1303; x_wconf 85' lang='lat' dir='ltr'><strong>ipsis</strong></span> <span class='ocrx_word' id='word_1_91' title='bbox 503 1218 637 1283; x_wconf 90' lang='lat' dir='ltr'><strong>eruditis</strong></span> <span class='ocrx_word' id='word_1_92' title='bbox 661 1217 703 1287; x_wconf 86' lang='lat' dir='ltr'><strong>ad</strong></span> <span class='ocrx_word' id='word_1_93' title='bbox 723 1218 911 1304; x_wconf 89' lang='lat' dir='ltr'><strong>fingendum</strong></span> <span class='ocrx_word' id='word_1_94' title='bbox 932 1218 987 1283; x_wconf 83' lang='lat' dir='ltr'><strong>vix</strong></span> <span class='ocrx_word' id='word_1_95' title='bbox 1010 1218 1187 1303; x_wconf 84' lang='lat' dir='ltr'><strong>quicquam</strong></span> <span class='ocrx_word' id='word_1_96' title='bbox 1301 1240 1302 1303; x_wconf 54' lang='grc' dir='ltr'>ᾗ</span> 
     </span>
     <span class='ocr_line' id='line_1_13' title="bbox 175 1305 1302 1392; baseline -0.002 -18"><span class='ocrx_word' id='word_1_97' title='bbox 175 1313 262 1374; x_wconf 86' lang='lat' dir='ltr'><strong>esset</strong></span> <span class='ocrx_word' id='word_1_98' title='bbox 278 1306 351 1373; x_wconf 85' lang='lat' dir='ltr'><strong>loei</strong></span> <span class='ocrx_word' id='word_1_99' title='bbox 382 1305 572 1392; x_wconf 78' lang='lat' dir='ltr'><strong>Antiquitas</strong></span> <span class='ocrx_word' id='word_1_100' title='bbox 592 1307 678 1372; x_wconf 89' lang='lat' dir='ltr'><strong>enim</strong></span> <span class='ocrx_word' id='word_1_101' title='bbox 695 1306 818 1392; x_wconf 88' lang='lat' dir='ltr'><strong>reoepit</strong></span> <span class='ocrx_word' id='word_1_102' title='bbox 831 1305 961 1371; x_wconf 89' lang='lat' dir='ltr'><strong>fabulas</strong></span> <span class='ocrx_word' id='word_1_103' title='bbox 974 1307 1068 1373; x_wconf 81' lang='lat' dir='ltr'><strong>fictas</strong></span> <span class='ocrx_word' id='word_1_104' title='bbox 1082 1308 1186 1372; x_wconf 85' lang='lat' dir='ltr'><strong>etiam</strong></span> <span class='ocrx_word' id='word_1_105' title='bbox 1301 1312 1302 1333; x_wconf 67' lang='lat'>¹</span> 
     </span>
     <span class='ocr_line' id='line_1_14' title="bbox 174 1392 1187 1483; baseline -0.002 -21"><span class='ocrx_word' id='word_1_106' title='bbox 174 1419 241 1463; x_wconf 89' lang='lat' dir='ltr'><strong>non</strong></span> <span class='ocrx_word' id='word_1_107' title='bbox 257 1392 444 1483; x_wconf 75' lang='lat' dir='ltr'><strong>numqulam</strong></span> <span class='ocrx_word' id='word_1_108' title='bbox 462 1395 633 1479; x_wconf 82' lang='lat' dir='ltr'><strong>incondite,</strong></span> <span class='ocrx_word' id='word_1_109' title='bbox 651 1395 732 1460; x_wconf 83' lang='lat' dir='ltr'><strong>haee</strong></span> <span class='ocrx_word' id='word_1_110' title='bbox 746 1399 836 1460; x_wconf 87' lang='lat' dir='ltr'><strong>aetas</strong></span> <span class='ocrx_word' id='word_1_111' title='bbox 851 1399 961 1460; x_wconf 88' lang='lat' dir='ltr'><strong>autem</strong></span> <span class='ocrx_word' id='word_1_112' title='bbox 974 1395 1040 1461; x_wconf 90' lang='lat' dir='ltr'><strong>iam</strong></span> <span class='ocrx_word' id='word_1_113' title='bbox 1054 1397 1187 1462; x_wconf 77' lang='lat' dir='ltr'><strong>exculta</strong></span> 
     </span>
     <span class='ocr_line' id='line_1_15' title="bbox 174 1483 1186 1572; baseline 0 -22"><span class='ocrx_word' id='word_1_114' title='bbox 174 1484 368 1572; x_wconf 85' lang='lat' dir='ltr'><strong>praesertim</strong></span> <span class='ocrx_word' id='word_1_115' title='bbox 395 1484 527 1549; x_wconf 89' lang='lat' dir='ltr'><strong>eludens</strong></span> <span class='ocrx_word' id='word_1_116' title='bbox 555 1506 663 1568; x_wconf 88' lang='lat' dir='ltr'><strong>omne,</strong></span> <span class='ocrx_word' id='word_1_117' title='bbox 691 1483 777 1569; x_wconf 90' lang='lat' dir='ltr'><strong>quod</strong></span> <span class='ocrx_word' id='word_1_118' title='bbox 803 1483 875 1548; x_wconf 90' lang='lat' dir='ltr'><strong>fieri</strong></span> <span class='ocrx_word' id='word_1_119' title='bbox 896 1505 963 1549; x_wconf 90' lang='lat' dir='ltr'><strong>non</strong></span> <span class='ocrx_word' id='word_1_120' title='bbox 984 1486 1108 1570; x_wconf 85' lang='lat' dir='ltr'><strong>potest,</strong></span> <span class='ocrx_word' id='word_1_121' title='bbox 1135 1506 1186 1550; x_wconf 89' lang='lat' dir='ltr'><strong>re·</strong></span> 
     </span>
     <span class='ocr_line' id='line_1_16' title="bbox 176 1572 1230 1660; baseline -0.008 -21"><span class='ocrx_word' id='word_1_122' title='bbox 176 1573 273 1660; x_wconf 84' lang='lat' dir='ltr'><strong>spuit.</strong></span> <span class='ocrx_word' id='word_1_123' title='bbox 310 1572 521 1656; x_wconf 70' lang='lat' dir='ltr'><strong>(Augustinus</strong></span> <span class='ocrx_word' id='word_1_124' title='bbox 541 1574 579 1638; x_wconf 82' lang='lat' dir='ltr'><strong>de</strong></span> <span class='ocrx_word' id='word_1_125' title='bbox 599 1573 655 1638; x_wconf 81' lang='lat' dir='ltr'><strong>oio.</strong></span> <span class='ocrx_word' id='word_1_126' title='bbox 677 1574 727 1637; x_wconf 77' lang='lat' dir='ltr'><strong>dei</strong></span> <span class='ocrx_word' id='word_1_127' title='bbox 748 1572 863 1637; x_wconf 84' lang='lat' dir='ltr'><strong><em>XXII</em></strong></span> <span class='ocrx_word' id='word_1_128' title='bbox 881 1572 926 1656; x_wconf 88' lang='grc'><strong>6.)</strong></span> <span class='ocrx_word' id='word_1_129' title='bbox 1198 1591 1230 1632; x_wconf 76' lang='lat' dir='ltr'><strong>ro</strong></span> 
     </span>
     <span class='ocr_line' id='line_1_17' title="bbox 123 1659 1185 1747; baseline 0.002 -22"><span class='ocrx_word' id='word_1_130' title='bbox 123 1675 157 1725; x_wconf 79' lang='lat'><strong>20</strong></span> <span class='ocrx_word' id='word_1_131' title='bbox 174 1692 204 1742; x_wconf 87' lang='lat' dir='ltr'><strong>p.</strong></span> <span class='ocrx_word' id='word_1_132' title='bbox 221 1664 287 1744; x_wconf 81' lang='lat'>302]</span> <span class='ocrx_word' id='word_1_133' title='bbox 362 1682 483 1727; x_wconf 73' lang='lat' dir='ltr'><strong>...us</strong></span> <span class='ocrx_word' id='word_1_134' title='bbox 509 1681 605 1743; x_wconf 81' lang='lat' dir='ltr'><strong>nepos</strong></span> <span class='ocrx_word' id='word_1_135' title='bbox 631 1662 710 1744; x_wconf 82' lang='lat' dir='ltr'><strong>eius,</strong></span> <span class='ocrx_word' id='word_1_136' title='bbox 737 1664 776 1726; x_wconf 93' lang='lat' dir='ltr'><strong>ut</strong></span> <span class='ocrx_word' id='word_1_137' title='bbox 803 1660 950 1726; x_wconf 76' lang='lat' dir='ltr'><strong>dixerant</strong></span> <span class='ocrx_word' id='word_1_138' title='bbox 976 1659 1120 1747; x_wconf 89' lang='lat' dir='ltr'><strong>quidam,</strong></span> <span class='ocrx_word' id='word_1_139' title='bbox 1145 1684 1185 1727; x_wconf 80' lang='lat' dir='ltr'><strong>ex</strong></span> 
     </span>
     <span class='ocr_line' id='line_1_18' title="bbox 175 1748 1185 1833; baseline 0 -17"><span class='ocrx_word' id='word_1_140' title='bbox 175 1751 252 1817; x_wconf 90' lang='lat' dir='ltr'><strong>filia.</strong></span> <span class='ocrx_word' id='word_1_141' title='bbox 294 1748 365 1826; x_wconf 81' lang='lat' dir='ltr'><strong>Quo</strong></span> <span class='ocrx_word' id='word_1_142' title='bbox 392 1754 494 1815; x_wconf 66' lang='lat' dir='ltr'><strong>ouum</strong></span> <span class='ocrx_word' id='word_1_143' title='bbox 520 1749 578 1815; x_wconf 91' lang='lat' dir='ltr'><strong>ille</strong></span> <span class='ocrx_word' id='word_1_144' title='bbox 600 1755 758 1833; x_wconf 77' lang='lat' dir='ltr'><strong>mortuas,</strong></span> <span class='ocrx_word' id='word_1_145' title='bbox 784 1748 895 1815; x_wconf 87' lang='lat' dir='ltr'><strong>eodem</strong></span> <span class='ocrx_word' id='word_1_146' title='bbox 917 1754 962 1816; x_wconf 80' lang='lat' dir='ltr'><strong>est</strong></span> <span class='ocrx_word' id='word_1_147' title='bbox 982 1771 1068 1816; x_wconf 77' lang='lat' dir='ltr'><strong>anno</strong></span> <span class='ocrx_word' id='word_1_148' title='bbox 1090 1756 1185 1816; x_wconf 79' lang='lat' dir='ltr'><strong>natus</strong></span> 
     </span>
     <span class='ocr_line' id='line_1_19' title="bbox 174 1836 1184 1924; baseline -0.003 -18"><span class='ocrx_word' id='word_1_149' title='bbox 174 1838 354 1906; x_wconf 75' lang='lat' dir='ltr'><strong>Simonides</strong></span> <span class='ocrx_word' id='word_1_150' title='bbox 377 1836 563 1923; x_wconf 77' lang='lat' dir='ltr'><strong>Olympiade</strong></span> <span class='ocrx_word' id='word_1_151' title='bbox 583 1841 672 1904; x_wconf 81' lang='lat' dir='ltr'><strong>sexta</strong></span> <span class='ocrx_word' id='word_1_152' title='bbox 694 1841 727 1904; x_wconf 90' lang='lat' dir='ltr'><strong>ot</strong></span> <span class='ocrx_word' id='word_1_153' title='bbox 750 1837 1028 1924; x_wconf 81' lang='lat' dir='ltr'><strong>quinquagesima,</strong></span> <span class='ocrx_word' id='word_1_154' title='bbox 1050 1844 1087 1904; x_wconf 78' lang='lat' dir='ltr'><strong>ut</strong></span> <span class='ocrx_word' id='word_1_155' title='bbox 1104 1839 1184 1920; x_wconf 83' lang='lat' dir='ltr'><strong>saei-</strong></span> 
     </span>
     <span class='ocr_line' id='line_1_20' title="bbox 174 1924 1227 2082; baseline -0.007 0"><span class='ocrx_word' id='word_1_156' title='bbox 174 1924 1183 2082; x_wconf 59' lang='lat' dir='ltr'><strong>ulttldtlttlld‘lttdtsstldtlttlt</strong></span> <span class='ocrx_word' id='word_1_157' title='bbox 1196 2034 1227 2075; x_wconf 56' lang='grc' dir='ltr'><strong>,ο</strong></span> 
     </span>
     <span class='ocr_line' id='line_1_21' title="bbox 434 2065 443 2099; baseline 0 0"><span class='ocrx_word' id='word_1_158' title='bbox 434 2065 443 2099; x_wconf 73' lang='lat'><em>5</em></span> 
     </span>
     <span class='ocr_line' id='line_1_22' title="bbox 175 2099 1302 2189; baseline -0.001 -19"><span class='ocrx_word' id='word_1_159' title='bbox 175 2106 319 2170; x_wconf 79' lang='lat' dir='ltr'><strong>tractata</strong></span> <span class='ocrx_word' id='word_1_160' title='bbox 343 2107 430 2168; x_wconf 89' lang='lat' dir='ltr'><strong>esset</strong></span> <span class='ocrx_word' id='word_1_161' title='bbox 452 2107 486 2169; x_wconf 92' lang='lat' dir='ltr'><strong>et</strong></span> <span class='ocrx_word' id='word_1_162' title='bbox 508 2103 649 2189; x_wconf 80' lang='lat' dir='ltr'><strong>cognita</strong></span> <span class='ocrx_word' id='word_1_163' title='bbox 694 2099 757 2167; x_wconf 88' lang='lat' dir='ltr'><strong>Sed</strong></span> <span class='ocrx_word' id='word_1_164' title='bbox 779 2103 925 2187; x_wconf 79' lang='lat' dir='ltr'><strong>profecto</strong></span> <span class='ocrx_word' id='word_1_165' title='bbox 948 2107 1043 2169; x_wconf 90' lang='lat' dir='ltr'><strong>tanta</strong></span> <span class='ocrx_word' id='word_1_166' title='bbox 1063 2103 1128 2169; x_wconf 84' lang='lat' dir='ltr'><strong>fuit</strong></span> <span class='ocrx_word' id='word_1_167' title='bbox 1149 2104 1184 2169; x_wconf 92' lang='lat' dir='ltr'><strong>in</strong></span> <span class='ocrx_word' id='word_1_168' title='bbox 1301 2116 1302 2189; x_wconf 59' lang='grc' dir='ltr'><strong>ἦ</strong></span> 
     </span>
     <span class='ocr_line' id='line_1_23' title="bbox 176 2191 1302 2278; baseline -0.001 -19"><span class='ocrx_word' id='word_1_169' title='bbox 176 2214 215 2259; x_wconf 89' lang='lat' dir='ltr'><strong>eo</strong></span> <span class='ocrx_word' id='word_1_170' title='bbox 241 2191 292 2258; x_wconf 83' lang='lat' dir='ltr'><strong>vis</strong></span> <span class='ocrx_word' id='word_1_171' title='bbox 319 2191 441 2278; x_wconf 87' lang='lat' dir='ltr'><strong>ingenii</strong></span> <span class='ocrx_word' id='word_1_172' title='bbox 468 2195 566 2277; x_wconf 89' lang='lat' dir='ltr'><strong>atque</strong></span> <span class='ocrx_word' id='word_1_173' title='bbox 593 2191 739 2274; x_wconf 84' lang='lat' dir='ltr'><strong>virtutis,</strong></span> <span class='ocrx_word' id='word_1_174' title='bbox 766 2194 804 2256; x_wconf 90' lang='lat' dir='ltr'><strong>ut</strong></span> <span class='ocrx_word' id='word_1_175' title='bbox 826 2191 860 2256; x_wconf 90' lang='lat' dir='ltr'><strong>id</strong></span> <span class='ocrx_word' id='word_1_176' title='bbox 882 2191 921 2256; x_wconf 90' lang='lat' dir='ltr'><strong>de</strong></span> <span class='ocrx_word' id='word_1_177' title='bbox 943 2191 1084 2258; x_wconf 91' lang='lat' dir='ltr'><strong>Romulo</strong></span> <span class='ocrx_word' id='word_1_178' title='bbox 1106 2191 1183 2258; x_wconf 91' lang='lat' dir='ltr'><strong>Pro·</strong></span> <span class='ocrx_word' id='word_1_179' title='bbox 1301 2206 1302 2227; x_wconf 66' lang='lat'>¹</span> 
     </span>
     <span class='ocr_line' id='line_1_24' title="bbox 176 2278 1183 2366; baseline -0.001 -19"><span class='ocrx_word' id='word_1_180' title='bbox 176 2280 249 2348; x_wconf 81' lang='lat' dir='ltr'><strong>aulo</strong></span> <span class='ocrx_word' id='word_1_181' title='bbox 268 2279 362 2364; x_wconf 90' lang='lat' dir='ltr'><strong>Iulio,</strong></span> <span class='ocrx_word' id='word_1_182' title='bbox 380 2280 505 2345; x_wconf 91' lang='lat' dir='ltr'><strong>homini</strong></span> <span class='ocrx_word' id='word_1_183' title='bbox 524 2280 656 2366; x_wconf 78' lang='lat' dir='ltr'><strong>agresti,</strong></span> <span class='ocrx_word' id='word_1_184' title='bbox 674 2278 864 2363; x_wconf 82' lang='lat' dir='ltr'><strong>crederetur,</strong></span> <span class='ocrx_word' id='word_1_185' title='bbox 883 2280 969 2365; x_wconf 90' lang='lat' dir='ltr'><strong>quod</strong></span> <span class='ocrx_word' id='word_1_186' title='bbox 987 2281 1100 2347; x_wconf 90' lang='lat' dir='ltr'><strong>multis</strong></span> <span class='ocrx_word' id='word_1_187' title='bbox 1118 2281 1183 2346; x_wconf 87' lang='lat' dir='ltr'><strong>iam</strong></span> 
     </span>
     <span class='ocr_line' id='line_1_25' title="bbox 177 2367 1183 2436; baseline -0.001 -1"><span class='ocrx_word' id='word_1_188' title='bbox 177 2373 253 2436; x_wconf 85' lang='lat' dir='ltr'><strong>ante</strong></span> <span class='ocrx_word' id='word_1_189' title='bbox 281 2368 418 2434; x_wconf 80' lang='lat' dir='ltr'><strong>saeculis</strong></span> <span class='ocrx_word' id='word_1_190' title='bbox 444 2369 536 2434; x_wconf 91' lang='lat' dir='ltr'><strong>nullo</strong></span> <span class='ocrx_word' id='word_1_191' title='bbox 560 2367 624 2433; x_wconf 86' lang='lat' dir='ltr'><strong>alio</strong></span> <span class='ocrx_word' id='word_1_192' title='bbox 648 2367 687 2433; x_wconf 91' lang='lat' dir='ltr'><strong>de</strong></span> <span class='ocrx_word' id='word_1_193' title='bbox 709 2367 843 2433; x_wconf 86' lang='lat' dir='ltr'><strong>mortali</strong></span> <span class='ocrx_word' id='word_1_194' title='bbox 864 2368 1012 2435; x_wconf 85' lang='lat' dir='ltr'><strong>homines</strong></span> <span class='ocrx_word' id='word_1_195' title='bbox 1035 2369 1183 2435; x_wconf 82' lang='lat' dir='ltr'><strong>credidis·</strong></span> 
     </span>
     <span class='ocr_line' id='line_1_26' title="bbox 177 2456 1223 2543; baseline -0.007 -20"><span class='ocrx_word' id='word_1_196' title='bbox 177 2462 263 2542; x_wconf 85' lang='lat' dir='ltr'><strong>sent3</strong></span> <span class='ocrx_word' id='word_1_197' title='bbox 291 2457 347 2543; x_wconf 88' lang='lat' dir='ltr'><strong>qui</strong></span> <span class='ocrx_word' id='word_1_198' title='bbox 373 2456 506 2542; x_wconf 88' lang='lat' dir='ltr'><strong>inpulsu</strong></span> <span class='ocrx_word' id='word_1_199' title='bbox 528 2460 672 2541; x_wconf 82' lang='lat' dir='ltr'><strong>patrum,</strong></span> <span class='ocrx_word' id='word_1_200' title='bbox 700 2478 763 2542; x_wconf 90' lang='lat' dir='ltr'><strong>quo</strong></span> <span class='ocrx_word' id='word_1_201' title='bbox 786 2456 837 2521; x_wconf 90' lang='lat' dir='ltr'><strong>illi</strong></span> <span class='ocrx_word' id='word_1_202' title='bbox 860 2478 880 2522; x_wconf 87' lang='lat' dir='ltr'><strong>a</strong></span> <span class='ocrx_word' id='word_1_203' title='bbox 902 2477 937 2521; x_wconf 90' lang='lat' dir='ltr'><strong>se</strong></span> <span class='ocrx_word' id='word_1_204' title='bbox 959 2457 1115 2523; x_wconf 86' lang='lat' dir='ltr'><strong>invidiam</strong></span> <span class='ocrx_word' id='word_1_205' title='bbox 1137 2458 1223 2522; x_wconf 76' lang='lat' dir='ltr'><strong>insa</strong></span> 
     </span>
     <span class='ocr_line' id='line_1_27' title="bbox 176 2544 1250 2630; baseline -0.001 -18"><span class='ocrx_word' id='word_1_206' title='bbox 176 2546 293 2613; x_wconf 88' lang='lat' dir='ltr'><strong>teritus</strong></span> <span class='ocrx_word' id='word_1_207' title='bbox 316 2545 450 2611; x_wconf 91' lang='lat' dir='ltr'><strong>Romuli</strong></span> <span class='ocrx_word' id='word_1_208' title='bbox 471 2546 645 2630; x_wconf 83' lang='lat' dir='ltr'><strong>pellerent,</strong></span> <span class='ocrx_word' id='word_1_209' title='bbox 667 2545 702 2610; x_wconf 91' lang='lat' dir='ltr'><strong>in</strong></span> <span class='ocrx_word' id='word_1_210' title='bbox 724 2544 874 2610; x_wconf 81' lang='lat' dir='ltr'><strong>contione</strong></span> <span class='ocrx_word' id='word_1_211' title='bbox 897 2544 1016 2611; x_wconf 84' lang='lat' dir='ltr'><strong>dixisse</strong></span> <span class='ocrx_word' id='word_1_212' title='bbox 1037 2545 1141 2610; x_wconf 82' lang='lat' dir='ltr'><strong>fertur</strong></span> <span class='ocrx_word' id='word_1_213' title='bbox 1163 2569 1182 2612; x_wconf 93' lang='lat' dir='ltr'><strong>a</strong></span> <span class='ocrx_word' id='word_1_214' title='bbox 1245 2554 1250 2560; x_wconf 90' lang='lat'><em>&#39;</em></span> 
     </span>
     <span class='ocr_line' id='line_1_28' title="bbox 176 2632 1182 2720; baseline 0 -19"><span class='ocrx_word' id='word_1_215' title='bbox 176 2664 205 2716; x_wconf 86' lang='lat' dir='ltr'><strong>p.</strong></span> <span class='ocrx_word' id='word_1_216' title='bbox 224 2636 273 2717; x_wconf 79' lang='lat' dir='ltr'><strong>os]</strong></span> <span class='ocrx_word' id='word_1_217' title='bbox 296 2656 331 2700; x_wconf 91' lang='lat' dir='ltr'><strong>se</strong></span> <span class='ocrx_word' id='word_1_218' title='bbox 353 2633 460 2699; x_wconf 83' lang='lat' dir='ltr'><strong>visum</strong></span> <span class='ocrx_word' id='word_1_219' title='bbox 483 2654 553 2698; x_wconf 85' lang='lat' dir='ltr'><strong>esse</strong></span> <span class='ocrx_word' id='word_1_220' title='bbox 576 2633 611 2697; x_wconf 92' lang='lat' dir='ltr'><strong>in</strong></span> <span class='ocrx_word' id='word_1_221' title='bbox 633 2652 671 2699; x_wconf 85' lang='lat' dir='ltr'><strong>eo</strong></span> <span class='ocrx_word' id='word_1_222' title='bbox 690 2634 773 2698; x_wconf 86' lang='lat' dir='ltr'><strong>oolla</strong></span> <span class='ocrx_word' id='word_1_223' title='bbox 793 2632 798 2718; x_wconf 91' lang='grc' dir='ltr'>Ι</span> <span class='ocrx_word' id='word_1_224' title='bbox 818 2632 1003 2719; x_wconf 89' lang='lat' dir='ltr'><strong>Romulum,</strong></span> <span class='ocrx_word' id='word_1_225' title='bbox 1026 2635 1083 2720; x_wconf 93' lang='lat' dir='ltr'><strong>qui</strong></span> <span class='ocrx_word' id='word_1_226' title='bbox 1100 2656 1182 2701; x_wconf 86' lang='lat' dir='ltr'><strong>nune</strong></span> 
     </span>
     <span class='ocr_line' id='line_1_29' title="bbox 177 2720 1181 2808; baseline 0 -20"><span class='ocrx_word' id='word_1_227' title='bbox 177 2722 354 2801; x_wconf 82' lang='lat' dir='ltr'><strong>Quirinalis</strong></span> <span class='ocrx_word' id='word_1_228' title='bbox 381 2725 530 2805; x_wconf 64' lang='lat' dir='ltr'><strong>vocatum</strong></span> <span class='ocrx_word' id='word_1_229' title='bbox 561 2743 635 2786; x_wconf 90' lang='lat' dir='ltr'><strong>eum</strong></span> <span class='ocrx_word' id='word_1_230' title='bbox 662 2721 726 2786; x_wconf 88' lang='lat' dir='ltr'><strong>sibi</strong></span> <span class='ocrx_word' id='word_1_231' title='bbox 752 2720 937 2807; x_wconf 84' lang='lat' dir='ltr'><strong>mandasse,</strong></span> <span class='ocrx_word' id='word_1_232' title='bbox 963 2726 1001 2788; x_wconf 90' lang='lat' dir='ltr'><strong>ut</strong></span> <span class='ocrx_word' id='word_1_233' title='bbox 1027 2723 1181 2808; x_wconf 91' lang='lat' dir='ltr'><strong>populum</strong></span> 
     </span>
     <span class='ocr_line' id='line_1_30' title="bbox 176 2809 1181 2899; baseline -0.003 -20"><span class='ocrx_word' id='word_1_234' title='bbox 176 2815 318 2899; x_wconf 85' lang='lat' dir='ltr'><strong>rogaret,</strong></span> <span class='ocrx_word' id='word_1_235' title='bbox 341 2813 379 2875; x_wconf 94' lang='lat' dir='ltr'><strong>ut</strong></span> <span class='ocrx_word' id='word_1_236' title='bbox 401 2809 465 2875; x_wconf 90' lang='lat' dir='ltr'><strong>sibi</strong></span> <span class='ocrx_word' id='word_1_237' title='bbox 487 2832 525 2875; x_wconf 90' lang='lat' dir='ltr'><strong>eo</strong></span> <span class='ocrx_word' id='word_1_238' title='bbox 548 2810 583 2874; x_wconf 91' lang='lat' dir='ltr'><strong>in</strong></span> <span class='ocrx_word' id='word_1_239' title='bbox 605 2811 688 2876; x_wconf 82' lang='lat' dir='ltr'><strong>colle</strong></span> <span class='ocrx_word' id='word_1_240' title='bbox 711 2811 882 2897; x_wconf 89' lang='lat' dir='ltr'><strong>delubrum</strong></span> <span class='ocrx_word' id='word_1_241' title='bbox 904 2810 1009 2896; x_wconf 85' lang='lat' dir='ltr'><strong>fieret;</strong></span> <span class='ocrx_word' id='word_1_242' title='bbox 1032 2834 1067 2876; x_wconf 86' lang='lat' dir='ltr'><strong>se</strong></span> <span class='ocrx_word' id='word_1_243' title='bbox 1090 2812 1181 2876; x_wconf 87' lang='lat' dir='ltr'><strong>deum</strong></span> 
     </span>
     <span class='ocr_line' id='line_1_31' title="bbox 177 2897 1220 2974; baseline -0.008 -7"><span class='ocrx_word' id='word_1_244' title='bbox 177 2923 248 2968; x_wconf 90' lang='lat' dir='ltr'><strong>esse</strong></span> <span class='ocrx_word' id='word_1_245' title='bbox 271 2903 305 2966; x_wconf 91' lang='lat' dir='ltr'><strong>et</strong></span> <span class='ocrx_word' id='word_1_246' title='bbox 327 2897 497 2974; x_wconf 82' lang='lat' dir='ltr'><strong>Quirinum</strong></span> <span class='ocrx_word' id='word_1_247' title='bbox 518 2900 638 2965; x_wconf 83' lang='lat' dir='ltr'><strong>vocari.</strong></span> <span class='ocrx_word' id='word_1_248' title='bbox 1193 2918 1220 2959; x_wconf 82' lang='lat' dir='ltr'><strong>so</strong></span> 
     </span>
     <span class='ocr_line' id='line_1_32' title="bbox 244 2986 1182 3074; baseline -0.001 -21"><span class='ocrx_word' id='word_1_249' title='bbox 244 2987 413 3053; x_wconf 84' lang='lat' dir='ltr'><strong>Videtisne</strong></span> <span class='ocrx_word' id='word_1_250' title='bbox 435 2987 539 3074; x_wconf 87' lang='lat' dir='ltr'><strong>igitur</strong></span> <span class='ocrx_word' id='word_1_251' title='bbox 560 2986 655 3052; x_wconf 87' lang='lat' dir='ltr'><strong>unius</strong></span> <span class='ocrx_word' id='word_1_252' title='bbox 678 2987 741 3053; x_wconf 83' lang='lat' dir='ltr'><strong>viri</strong></span> <span class='ocrx_word' id='word_1_253' title='bbox 764 2987 899 3055; x_wconf 87' lang='lat' dir='ltr'><strong>oonsilio</strong></span> <span class='ocrx_word' id='word_1_254' title='bbox 922 3009 988 3053; x_wconf 89' lang='lat' dir='ltr'><strong>non</strong></span> <span class='ocrx_word' id='word_1_255' title='bbox 1012 2987 1117 3054; x_wconf 88' lang='lat' dir='ltr'><strong>solum</strong></span> <span class='ocrx_word' id='word_1_256' title='bbox 1135 3009 1182 3053; x_wconf 90' lang='lat' dir='ltr'><strong>or·</strong></span> 
     </span>
     <span class='ocr_line' id='line_1_33' title="bbox 177 3075 1181 3164; baseline -0.004 -20"><span class='ocrx_word' id='word_1_257' title='bbox 177 3082 250 3144; x_wconf 88' lang='lat' dir='ltr'><strong>tum</strong></span> <span class='ocrx_word' id='word_1_258' title='bbox 269 3098 392 3142; x_wconf 83' lang='lat' dir='ltr'><strong>novum</strong></span> <span class='ocrx_word' id='word_1_259' title='bbox 409 3076 566 3162; x_wconf 91' lang='lat' dir='ltr'><strong>populum</strong></span> <span class='ocrx_word' id='word_1_260' title='bbox 583 3097 687 3161; x_wconf 90' lang='lat' dir='ltr'><strong>neque</strong></span> <span class='ocrx_word' id='word_1_261' title='bbox 705 3079 743 3141; x_wconf 90' lang='lat' dir='ltr'><strong>ut</strong></span> <span class='ocrx_word' id='word_1_262' title='bbox 760 3075 796 3140; x_wconf 87' lang='lat' dir='ltr'><strong>in</strong></span> <span class='ocrx_word' id='word_1_263' title='bbox 813 3075 983 3142; x_wconf 82' lang='lat' dir='ltr'><strong>cunabulis</strong></span> <span class='ocrx_word' id='word_1_264' title='bbox 1000 3076 1181 3164; x_wconf 85' lang='lat' dir='ltr'><strong>vagientem</strong></span> 
     </span>
     <span class='ocr_line' id='line_1_34' title="bbox 178 3163 1180 3250; baseline -0.002 -19"><span class='ocrx_word' id='word_1_265' title='bbox 178 3166 342 3248; x_wconf 86' lang='lat' dir='ltr'><strong>relietum,</strong></span> <span class='ocrx_word' id='word_1_266' title='bbox 372 3164 429 3229; x_wconf 89' lang='lat' dir='ltr'><strong>sed</strong></span> <span class='ocrx_word' id='word_1_267' title='bbox 452 3164 600 3229; x_wconf 90' lang='lat' dir='ltr'><strong>adultum</strong></span> <span class='ocrx_word' id='word_1_268' title='bbox 621 3164 688 3230; x_wconf 92' lang='lat' dir='ltr'><strong>iam</strong></span> <span class='ocrx_word' id='word_1_269' title='bbox 711 3168 744 3230; x_wconf 90' lang='lat' dir='ltr'><strong>et</strong></span> <span class='ocrx_word' id='word_1_270' title='bbox 765 3185 868 3250; x_wconf 89' lang='lat' dir='ltr'><strong>paene</strong></span> <span class='ocrx_word' id='word_1_271' title='bbox 888 3164 1066 3250; x_wconf 83' lang='lat' dir='ltr'><strong>puberem?</strong></span> <span class='ocrx_word' id='word_1_272' title='bbox 1101 3163 1180 3229; x_wconf 83' lang='lat' dir='ltr'><strong>Tum</strong></span> 
     </span>
     <span class='ocr_line' id='line_1_35' title="bbox 178 3251 1180 3340; baseline -0.003 -20"><span class='ocrx_word' id='word_1_273' title='bbox 178 3254 322 3320; x_wconf 88' lang='lat' dir='ltr'><strong>Laelius:</strong></span> <span class='ocrx_word' id='word_1_274' title='bbox 349 3251 419 3318; x_wconf 91' lang='lat' dir='ltr'><strong>Nos</strong></span> <span class='ocrx_word' id='word_1_275' title='bbox 446 3274 523 3318; x_wconf 83' lang='lat' dir='ltr'><strong>vero</strong></span> <span class='ocrx_word' id='word_1_276' title='bbox 550 3252 709 3337; x_wconf 83' lang='lat' dir='ltr'><strong>videmus,</strong></span> <span class='ocrx_word' id='word_1_277' title='bbox 736 3257 770 3317; x_wconf 90' lang='lat' dir='ltr'><strong>et</strong></span> <span class='ocrx_word' id='word_1_278' title='bbox 795 3252 981 3338; x_wconf 86' lang='lat' dir='ltr'><strong>tequidem</strong></span> <span class='ocrx_word' id='word_1_279' title='bbox 1002 3253 1180 3340; x_wconf 89' lang='lat' dir='ltr'><strong>ingressum</strong></span> 
     </span>
     <span class='ocr_line' id='line_1_36' title="bbox 179 3339 1218 3428; baseline -0.005 -21"><span class='ocrx_word' id='word_1_280' title='bbox 179 3369 207 3422; x_wconf 86' lang='lat' dir='ltr'><strong>p.</strong></span> <span class='ocrx_word' id='word_1_281' title='bbox 227 3343 276 3423; x_wconf 88' lang='lat'><strong>81]</strong></span> <span class='ocrx_word' id='word_1_282' title='bbox 304 3340 431 3406; x_wconf 84' lang='lat' dir='ltr'><strong>ratione</strong></span> <span class='ocrx_word' id='word_1_283' title='bbox 459 3340 500 3405; x_wconf 92' lang='lat' dir='ltr'><strong>ad</strong></span> <span class='ocrx_word' id='word_1_284' title='bbox 523 3340 752 3426; x_wconf 90' lang='lat' dir='ltr'><strong>disputandum</strong></span> <span class='ocrx_word' id='word_1_285' title='bbox 773 3362 872 3424; x_wconf 83' lang='lat' dir='ltr'><strong>nova,</strong></span> <span class='ocrx_word' id='word_1_286' title='bbox 899 3363 982 3426; x_wconf 85' lang='lat' dir='ltr'><strong>quae</strong></span> <span class='ocrx_word' id='word_1_287' title='bbox 1001 3339 1006 3428; x_wconf 86' lang='grc' dir='ltr'>Ι</span> <span class='ocrx_word' id='word_1_288' title='bbox 1025 3362 1179 3425; x_wconf 84' lang='lat' dir='ltr'><strong>nusquam</strong></span> <span class='ocrx_word' id='word_1_289' title='bbox 1192 3357 1218 3400; x_wconf 76' lang='lat' dir='ltr'><strong>a</strong></span> 
     </span>
     <span class='ocr_line' id='line_1_37' title="bbox 180 3426 1180 3515; baseline -0.002 -20"><span class='ocrx_word' id='word_1_290' title='bbox 180 3433 231 3495; x_wconf 88' lang='lat' dir='ltr'><strong>est</strong></span> <span class='ocrx_word' id='word_1_291' title='bbox 248 3428 284 3493; x_wconf 91' lang='lat' dir='ltr'><strong>in</strong></span> <span class='ocrx_word' id='word_1_292' title='bbox 298 3426 496 3494; x_wconf 81' lang='lat' dir='ltr'><strong>Graecorum</strong></span> <span class='ocrx_word' id='word_1_293' title='bbox 515 3428 618 3494; x_wconf 87' lang='lat' dir='ltr'><strong>libris.</strong></span> <span class='ocrx_word' id='word_1_294' title='bbox 650 3428 738 3494; x_wconf 87' lang='lat' dir='ltr'><strong>Nam</strong></span> <span class='ocrx_word' id='word_1_295' title='bbox 755 3428 906 3514; x_wconf 76' lang='lat' dir='ltr'><strong>princeps</strong></span> <span class='ocrx_word' id='word_1_296' title='bbox 923 3429 989 3515; x_wconf 90' lang='lat' dir='ltr'><strong>ille,</strong></span> <span class='ocrx_word' id='word_1_297' title='bbox 1008 3450 1071 3514; x_wconf 92' lang='lat' dir='ltr'><strong>quo</strong></span> <span class='ocrx_word' id='word_1_298' title='bbox 1088 3449 1180 3493; x_wconf 88' lang='lat' dir='ltr'><strong>nemo</strong></span> 
     </span>
     <span class='ocr_line' id='line_1_38' title="bbox 179 3515 1181 3602; baseline 0 -21"><span class='ocrx_word' id='word_1_299' title='bbox 179 3517 215 3581; x_wconf 94' lang='lat' dir='ltr'><strong>in</strong></span> <span class='ocrx_word' id='word_1_300' title='bbox 242 3515 411 3581; x_wconf 78' lang='lat' dir='ltr'><strong>scribendo</strong></span> <span class='ocrx_word' id='word_1_301' title='bbox 434 3519 654 3600; x_wconf 75' lang='lat' dir='ltr'><strong>praestantior</strong></span> <span class='ocrx_word' id='word_1_302' title='bbox 675 3517 752 3600; x_wconf 82' lang='lat' dir='ltr'><strong>fuit,</strong></span> <span class='ocrx_word' id='word_1_303' title='bbox 780 3539 885 3581; x_wconf 87' lang='lat' dir='ltr'><strong>aream</strong></span> <span class='ocrx_word' id='word_1_304' title='bbox 910 3516 974 3582; x_wconf 87' lang='lat' dir='ltr'><strong>sibi</strong></span> <span class='ocrx_word' id='word_1_305' title='bbox 996 3515 1124 3602; x_wconf 87' lang='lat' dir='ltr'><strong>sumsit,</strong></span> <span class='ocrx_word' id='word_1_306' title='bbox 1149 3521 1181 3581; x_wconf 88' lang='lat' dir='ltr'><strong>in</strong></span> 
     </span>
    </p>
   </div>
   <div class='ocr_carea' id='block_1_3' title="bbox 0 0 1341 3924">
    <p class='ocr_par' dir='ltr' id='par_1_3' title="bbox 0 0 1341 3924">
     <span class='ocr_line' id='line_1_39' title="bbox 0 0 1341 3924; baseline 0 0"><span class='ocrx_word' id='word_1_307' title='bbox 0 0 1341 3924; x_wconf 95' lang='lat' dir='ltr'><strong> </strong></span> 
     </span>
    </p>
   </div>
  </div>
 </body>
</html>
