2654 3924
410 220 478 275 urs.
496 222 518 275 1.
538 221 614 277 cAP.
635 199 916 287 ιιι-1111141.
1100 217 1174 282 2831

155 388 230 432 rens
250 389 269 431 a
287 387 427 450 persona
444 365 586 431 hominis
607 364 807 452 gravissimu
829 386 899 430 rem
913 364 1000 429 enim
1014 384 1167 449 magnam

155 455 327 520 adsecutus
350 460 403 538 est,
426 453 513 538 quod
534 453 721 519 hominibus
744 453 946 538 perturbatis
968 452 1099 518 inanem
1121 473 1169 517 re-

155 543 312 628 ligionem
335 543 551 627 timoremque
574 541 744 607 deiecerat.
1181 587 1221 652 16

222 631 332 715 Atque
351 632 420 696 eius
439 628 527 696 modi
546 630 700 715 quiddam
719 629 819 695 etiam
836 629 925 695 bello
944 629 1003 694 illo
1018 628 1169 712 maximo,
1187 665 1222 714 25

125 720 242 804 equod
270 719 487 785 Athenienses
520 722 553 785 et
580 719 828 785 Lacedaemonii
844 739 987 783 'summa
1017 717 1104 782 inter
1135 738 1170 782 se

155 808 364 874 contentione
387 811 571 894 gesserunt,
597 807 739 873 Pericles
762 807 833 891 ille,
862 809 895 871 et
918 806 1114 872 auctoritate
1138 808 1170 870 et

155 897 343 982 eloquentia
366 900 400 961 et
421 896 558 962 oonsilio
580 896 732 982 prinecps
751 895 895 961 civitatis
914 914 1001 979 suae,
1023 916 1096 960 cum
1116 893 1170 960 ob·

154 989 287 1051 scureto
317 983 323 1069 Ι
352 984 421 1051 sole
453 985 607 1051 tenebrae
635 985 743 1051 iactae
773 987 882 1050 essent
908 987 1042 1070 repente
1075 984 1115 1063 [p.
1135 998 1169 1047 ru

156 1073 471 1158 Atheniensiumque
494 1074 621 1140 animos
645 1095 792 1140 summus
813 1072 915 1138 timor
937 1071 1171 1158 occupavisset,

114 1181 142 1219 ιο
156 1162 303 1229 docuisse
331 1162 410 1228 civis
439 1184 515 1228 suos
543 1162 675 1247 dieitur,
703 1161 737 1226 id
765 1161 851 1246 quod
877 1161 948 1247 ipse
977 1160 1019 1226 ab
1042 1160 1170 1225 Anaxa·

157 1272 246 1337 gera,
269 1251 359 1316 cuius
384 1250 513 1316 auditor
535 1249 651 1335 fuerat,
675 1253 852 1335 acceperat,
879 1253 968 1316 certo
991 1247 1073 1314 illud
1090 1252 1168 1314 tem·

156 1361 236 1425 pore
258 1339 329 1404 fieri
352 1342 386 1404 et
407 1339 600 1424 necessario,
622 1360 697 1405 oum
718 1342 792 1404 tota
815 1360 850 1403 se
873 1337 951 1403 luna
975 1337 1035 1402 sub
1057 1337 1170 1403 orbem

157 1428 236 1493 solis
260 1428 464 1511 subiecisset,
486 1429 606 1512 itaque,
630 1427 693 1492 etsi
714 1449 781 1492 non
799 1426 889 1492 omni
907 1426 1170 1508 intermenstruo,

156 1521 268 1582 tamen
289 1515 323 1580 id
340 1517 412 1581 fieri
429 1530 496 1582 non
513 1537 610 1602 posse
626 1516 692 1581 nisi
710 1519 799 1581 certo
817 1515 1071 1580 intermenstruo
1091 1517 1170 1578 tem·

113 1623 143 1663 15
157 1624 244 1691 pore.
281 1603 375 1681 Quod
397 1626 471 1669 eum
494 1603 690 1690 disputando
713 1600 968 1690 ratiolnibusque
988 1602 1041 1668 do·
1063 1604 1103 1684 [p.
1118 1616 1169 1668 279

157 1694 285 1778 euisset,
308 1693 465 1779 populum
487 1692 641 1758 liberarit
663 1696 766 1777 metu,
793 1696 865 1757 erat
888 1691 974 1757 enim
996 1696 1068 1756 tum
1090 1691 1170 1756 haec

59 1845 61 1849 ,
157 1804 243 1848 nova
265 1786 299 1847 et
321 1781 436 1868 ignota
458 1781 553 1866 ratio,
577 1780 679 1846 solem
702 1780 799 1846 lunae
823 1780 977 1866 oppositu
996 1780 1101 1844 solere
1120 1779 1171 1843 de-

157 1872 261 1955 ficere,
280 1871 366 1955 quod
384 1869 556 1935 Thaletem
569 1868 733 1935 Milesium
751 1869 893 1955 primum
912 1867 1031 1933 vidisse
1051 1867 1170 1933 dicunt.

157 1959 196 2023 ld
225 1962 335 2024 autem
363 1962 480 2043 postea
507 1972 549 2023 ne
570 1961 721 2024 nostrum
749 1957 879 2043 quidem
900 1956 1043 2022 Ennium
1070 1956 1171 2042 fugit,

116 2065 145 2104 20
160 2047 215 2132 qui
237 2050 275 2112 ut
299 2047 428 2131 scribit,
451 2068 536 2112 anno
558 2047 788 2113 trecentesimo
806 2044 1080 2131 ¹quinquagesimo
1103 2044 1171 2109 fere

159 2139 236 2221 post
258 2135 398 2201 Romam
421 2135 584 2201 conditam
797 2154 799 2158 ·

247 2222 370 2289 Nonis
392 2222 499 2289 Iunis
524 2223 601 2289 soli
624 2222 716 2289 luna
739 2222 902 2290 obstitit
925 2225 963 2287 et
985 2243 1069 2287 nox.

158 2313 268 2397 Atque
276 2313 338 2378 hae
346 2312 383 2377 in
391 2334 426 2377 re
435 2316 530 2378 tanta
539 2312 625 2377 inest
634 2312 720 2378 ratio
730 2315 828 2397 atque
838 2310 996 2395 sollertia,
1007 2307 1011 2397 1
1024 2314 1061 2375 ut
1072 2312 1111 2392 [p.
1119 2325 1171 2375 280

159 2424 197 2466 ex
225 2401 288 2467 hoe
315 2401 380 2486 die,
409 2422 504 2486 quem
531 2401 618 2487 apud
644 2400 787 2466 Ennium
816 2404 849 2465 et
876 2399 911 2465 in
939 2398 1090 2465 maximis
1119 2421 1172 2465 an-

118 2507 145 2546 15
158 2489 288 2555 nulibus
315 2488 545 2576 consignatum
571 2489 732 2574 videmus,
760 2489 942 2574 superiores
965 2487 1045 2553 solis
1069 2487 1172 2553 defee-

159 2578 264 2642 tiones
300 2581 470 2663 reputatae
503 2577 570 2643 sint
601 2599 704 2663 usque
736 2578 777 2642 sd
808 2577 915 2661 illam,
952 2598 1035 2661 quae
1067 2574 1171 2642 Nonis

160 2664 378 2740 Quinctilibus
414 2664 479 2730 fuit
509 2669 668 2752 regnante
699 2665 855 2751 Romulo,
892 2665 1009 2750 quibus
1042 2664 1172 2748 quidem

159 2752 335 2819 Romulum
363 2753 508 2820 tenebris
539 2754 668 2819 etiamsi
698 2757 818 2820 natura
845 2754 887 2819 sd
914 2754 1093 2820 humanum
1122 2774 1173 2818 ex·

159 2841 242 2906 itum
257 2841 410 2926 abripuit,
422 2841 528 2908 virtus
542 2846 653 2907 tamen
665 2843 700 2907 in
719 2844 845 2909 caelum
861 2842 979 2907 dicitur
991 2840 1172 2906 sustulisse.

119 2946 146 2987 so
226 2928 308 2995 Tum
333 2929 474 2996 Tubero:
501 2927 652 3015 Videsne,
677 2931 841 3017 Africane,
865 2930 951 3016 quod
972 2929 1072 3017 paulo
1097 2933 1172 2995 ante
1184 2901 1225 3030 12}

161 3038 253 3084 secus
276 3017 338 3083 tibi
360 3019 541 3104 videbatur,
564 3020 624 3086 doc
639 3071 646 3085 .
661 3071 668 3085 .
683 3072 711 3085 ..

409 3178 648 3260 [Desiderantur
665 3181 802 3264 popinae
823 3181 923 3261 duae]

159 3284 302 3369 ....lis,
330 3305 413 3369 quae
440 3284 572 3350 videant
600 3285 708 3351 ceteri.
749 3284 833 3362 Quid
855 3307 954 3371 porro
979 3288 1036 3351 aut
1059 3287 1101 3367 [p.
1121 3301 1171 3350 121

158 3372 362 3458 praeclarum
384 3376 479 3460 putet
501 3373 537 3438 in
558 3373 656 3439 rebus
678 3373 840 3459 humanis,
864 3375 918 3458 qui
939 3374 1019 3439 hece
1038 3374 1171 3440 deorum

159 3480 261 3547 regua
277 3462 489 3547 perspexerit,
509 3466 566 3528 aut
584 3462 781 3547 diuturnum,
801 3462 857 3547 qui
877 3462 1076 3549 cognoverit,
1095 3461 1172 3547 quid

119 3565 144 3607 ⁸⁵
159 3550 203 3615 sit
226 3554 402 3635 aeternum,
426 3555 483 3617 aut
507 3552 695 3639 gloriosum,
719 3551 775 3636 qui
797 3551 925 3636 viderit,
949 3555 1046 3636 quam
1069 3572 1172 3636 parva
