2652 3908
193 229 256 294 146
501 236 503 240 ’
533 228 583 283 DE
601 228 844 284 DIVINATIONE

190 373 300 439 decem
328 372 523 458 interpretes
551 373 693 440 delectos
720 395 739 439 e
765 374 899 440 civitate
922 395 993 440 csse
1015 375 1198 442 voluerunt.

188 461 239 528 Ex
264 483 328 547 quo
352 483 469 548 genere
493 483 588 548 saepe
612 461 814 528 hariolorum
837 464 937 528 etiam
959 466 993 529 et
1015 467 1129 530 vatum
1149 465 1198 530 fu·

188 551 343 616 ribundas
375 550 627 639 praedictiones,
658 555 696 615 ut
727 549 906 617 Octaviano
938 551 1027 633 bello
1054 550 1198 619 Cornelii

189 636 338 723 Culleoli,
360 638 535 705 audiendas
557 643 764 724 putaverunt.
797 637 866 707 Nec
884 662 961 707 vero
980 641 1108 707 somnia
1125 663 1197 728 gra·

187 728 294 812 viora,
321 727 349 793 si
377 749 460 813 quae
488 726 529 792 ad
553 749 622 793 rem
644 728 810 812 publicam
832 729 994 814 pertinere
1017 730 1089 796 visa
1112 735 1196 814 sunt,
1210 749 1233 790 e

188 836 358 882 asummo
381 814 517 882 consilio
543 817 694 902 neglecta
716 820 801 881 sunt.
847 815 933 892 Quin
955 818 1055 883 etiam
1078 841 1197 884 memo·

187 904 239 970 ria
264 909 378 970 nostra
405 904 564 989 templum
591 904 724 970 Iunonis
752 902 902 990 Sospitae
931 905 967 970 L.
993 905 1112 992 Iulius,
1141 906 1198 992 qui

187 1015 261 1059 cum
274 992 310 1057 P.
323 992 448 1058 Rutilio
471 992 585 1058 consul
601 993 673 1077 fuit,
696 992 735 1059 de
754 998 886 1060 senatus
904 995 1066 1060 sententia
1084 994 1198 1061 reiecit

145 1102 227 1197 3⁶¹
251 1078 417 1166 Caeciliae,
439 1079 594 1148 Baliarici
615 1081 712 1164 filiae,
734 1082 871 1149 somnio.

152 1210 170 1259 ὅ
254 1169 364 1254 Atque
385 1170 474 1254 haec,
497 1173 534 1235 ut
556 1191 617 1256 ego
641 1170 791 1255 arbitror,
814 1174 940 1237 veteres
962 1193 1071 1237 rerum
1090 1173 1196 1258 magis
1212 1192 1244 1232 ro.

188 1259 313 1324 eventis
336 1258 453 1324 moniti
476 1279 573 1344 quam
596 1259 723 1324 ratione
746 1259 834 1324 docti
856 1260 1086 1345 probaverunt.
1122 1260 1196 1326 Phi-

187 1346 399 1432 losophorum
426 1369 503 1412 vero
530 1347 692 1432 exquisita
720 1348 878 1433 quaedam
905 1354 1112 1436 argumenta,
1140 1372 1196 1415 cur

188 1440 275 1501 esset
301 1457 379 1501 vera
407 1435 577 1520 divinatio,
605 1436 743 1502 collecta
769 1440 859 1521 sunt3
890 1459 907 1502 e
935 1437 1067 1522 quibus,
1096 1441 1134 1504 ut
1157 1439 1196 1503 de

188 1524 433 1609 antiquissumis
461 1524 590 1609 loquar,
618 1523 840 1610 Colophonius
863 1524 1080 1610 Xenophanes
1103 1549 1195 1609 unus,
1223 1561 1226 1563 Α

187 1613 243 1698 qui
269 1612 346 1678 deos
370 1634 439 1678 csse
463 1612 595 1697 diceret,
622 1613 856 1679 divinationem
877 1613 1023 1679 funditus
1047 1617 1195 1699 sustulit,
1210 1635 1236 1675 rs

186 1701 303 1786 reliqui
339 1723 415 1767 vero
450 1723 561 1767 omnes
591 1705 721 1787 praeter
752 1702 930 1788 Epicurum
957 1703 1195 1769 balbutientem

187 1790 225 1855 de
248 1795 366 1855 natura
389 1789 522 1855 deorum
544 1789 778 1855 divinationem
799 1791 1033 1876 probaverunt,
1057 1793 1196 1858 sednon

186 1900 250 1944 uno
281 1878 386 1944 modo.
419 1877 522 1963 ,Nam
551 1900 626 1943 cum
654 1876 804 1945 Socrates
834 1901 1010 1965 omnesque
1039 1878 1196 1946 Socratici

186 1966 336 2051 Zenoque
359 1969 392 2032 et
415 1966 448 2049 ii,
471 1966 526 2051 qui
550 1966 591 2031 ab
614 1988 653 2031 eo
677 1970 785 2031 essent
802 1967 950 2052 profecti,
973 1973 1142 2034 manerent
1161 1970 1196 2033 in

186 2055 395 2138 antiquorum
417 2053 688 2140 philosophorum
711 2056 873 2120 sententia
895 2061 1004 2121 vetere
1018 2057 1195 2122 Academia
1208 2076 1237 2114 20

186 2147 220 2208 et
241 2141 469 2229 Peripateticis
492 2142 778 2227 consentientibus,
801 2165 937 2229 cumque
960 2144 1035 2210 huic
1058 2145 1105 2210 rei
1127 2168 1194 2210 ma·

187 2253 285 2318 gnam
318 2232 547 2297 auctoritatem
576 2229 783 2317 Pythagoras
813 2232 879 2297 iam
908 2236 985 2297 ante
1014 2233 1194 2318 tribuisset,

187 2321 243 2405 qui
270 2320 370 2385 etiam
397 2319 467 2405 ipse
496 2341 599 2407 augur
627 2321 728 2384 vellet
755 2341 839 2404 esse,
866 2320 1089 2406 plurumisque
1112 2323 1194 2388 locis

187 2409 297 2494 gravis
328 2412 441 2474 auctor
462 2407 668 2474 Democritus
695 2409 957 2494 praesensionem
979 2432 1087 2475 rerum
1108 2411 1193 2477 futu·
1263 2458 1269 2463 -

186 2518 296 2561 rarum
324 2497 552 2583 conprobaret,
581 2496 799 2563 Dicaearchus
821 2497 1057 2583 Peripateticus
1086 2504 1194 2566 cetera
1208 2516 1235 2556 2⁵

187 2585 395 2650 divinationis
419 2607 538 2672 genera
560 2586 703 2668 sustulit,
726 2586 925 2651 somniorum
948 2590 982 2653 et
1003 2587 1123 2654 furoris
1146 2612 1194 2654 re·

185 2674 292 2759 liquit,
315 2673 567 2760 Cratippusque,
590 2674 761 2740 familiaris
785 2678 910 2759 noster,
933 2697 1030 2761 quem
1053 2698 1115 2763 ego
1137 2701 1192 2763 pa-

186 2785 256 2828 rem
286 2763 419 2828 summis
442 2762 668 2848 Peripateticis
697 2763 816 2847 iudico,
845 2763 949 2829 isdem
976 2766 1073 2831 rebus
1096 2766 1192 2831 fidem

149 2852 315 2936 atribuit,
343 2851 469 2936 reliqua
496 2851 705 2917 divinationis
728 2873 847 2938 genera
869 2853 988 2918 reiecIt.
1034 2852 1097 2919 Sed
1119 2877 1192 2920 cum

187 2939 289 3005 Stoici
318 2940 428 3005 omnia
455 2939 523 3004 fere
550 2940 611 3005 illa
636 2939 855 3024 defenderent,
884 2942 971 3026 quod
993 2944 1026 3007 et
1049 2942 1135 3007 Zeno
1157 2942 1192 3006 in
1205 2959 1234 2999 ³⁰

186 3029 254 3094 suis
278 3026 517 3093 commentariis
537 3028 630 3113 quasi
649 3029 773 3094 semina
790 3029 946 3114 quaedam
966 3030 1141 3114 sparsisset
1159 3033 1193 3094 et
1319 3086 1320 3089 ,

186 3138 225 3183 ea
239 3116 414 3184 Cleanthes
432 3116 531 3201 paulo
549 3117 701 3182 uberiora
718 3116 858 3202 fecisset,
876 3119 1012 3184 accessit
1025 3139 1192 3184 acerrumo

185 3205 236 3270 vir
254 3205 394 3291 ingenio,
412 3204 623 3291 Chrysippus,
646 3205 702 3290 qui
719 3209 826 3272 totam
844 3206 883 3271 de
901 3206 1099 3273 divinatione
1118 3207 1193 3272 duo·

186 3294 247 3359 bus
265 3293 360 3358 libris
379 3294 553 3379 explicavit
571 3293 776 3377 sententiam,
798 3316 862 3360 uno
881 3298 1050 3381 praeterea
1064 3294 1104 3360 de
1123 3317 1193 3361 ora-

186 3382 259 3463 clis,
287 3401 351 3447 uno
375 3382 414 3447 de
437 3382 586 3468 somniis3
609 3405 704 3467 quem
728 3383 926 3468 subsequens
949 3405 1050 3449 unum
1071 3384 1191 3451 librum
1206 3402 1232 3443 ³5
1319 3434 1320 3439 η

185 3470 387 3556 Babylonius
409 3470 573 3558 Diogenes
601 3471 714 3554 edidit,
746 3470 815 3536 eius
843 3470 983 3556 auditor,
1014 3472 1076 3539 duo
1099 3473 1193 3539 Anti·

185 3564 296 3645 pater,
323 3560 463 3644 quinque
489 3565 602 3626 noster
623 3558 826 3625 Posidonius.
871 3555 934 3624 Sed
956 3581 977 3626 a
999 3557 1117 3628 Stoicis
1139 3563 1192 3629 vel
