2654 3924
179 188 244 253 318
542 186 591 241 DE
610 187 658 240 RE
675 187 831 242 PUBnch

180 332 353 418 diligentis
395 329 457 397 Sed
480 335 591 398 tamen
612 332 776 418 prioribus
800 332 947 415 equitum
968 332 1120 416 partibus
1143 353 1190 398 se

179 450 208 502 p
221 423 270 503 38]
298 421 410 487 cundis
438 419 557 485 additis
580 441 621 483 oo
647 439 681 487 ro
706 436 770 486 ccc
795 419 874 485 fecit
898 420 902 503 t
926 420 1053 505 equites
1079 442 1194 485 nume·

179 530 315 594 rumque
348 509 535 594 duplicavit
577 508 698 574 Postea
728 508 816 573 bello
844 508 975 594 subegit
1002 508 1193 593 Aequorum

179 619 350 750 magnamt
361 601 491 683 gentem
519 601 552 662 et
573 597 715 662 ferocem
737 600 771 662 et
793 596 890 663 rebus
912 595 1027 682 populi
1049 595 1193 662 Romani

179 686 412 770 imminentem,
433 686 582 770 idemque
606 683 745 751 Sabinos
768 707 842 751 cum
864 708 885 751 a
906 684 1075 751 moenibus
1098 685 1192 751 urbis
1226 705 1243 748 ι

179 775 389 861 reppulisset,
424 774 549 858 equitat
550 798 571 838 ιι
535 774 688 842 ttudit
718 774 870 876 belloque
903 772 1030 840 deriost.
1079 774 1193 858 Atque

179 864 316 929 eundem
347 863 489 948 primum
519 862 614 929 ludos
645 862 821 947 maximos,
853 861 909 948 qui
940 861 1081 928 Romani
1111 861 1193 928 dieti

181 956 271 1036 sunt,
302 950 417 1017 fecisse
450 951 631 1037 accepimus
659 951 834 1036 aedemque
865 950 901 1017 in
928 949 1091 1037 Capitolio
1118 949 1193 1017 Iovi

180 1042 306 1126 optimo
334 1040 475 1105 maximo
502 1040 590 1105 bello
613 1037 736 1106 Sabino
763 1040 798 1104 in
824 1039 898 1125 ipsa
924 1060 1037 1125 pugna
1061 1040 1193 1105 vovisse

179 1157 207 1209 p
226 1130 276 1210 ιι]
298 1125 489 1229 iacientdam
507 1151 578 1195 mor
579 1133 735 1213 tuumque
754 1149 834 1213 esse,
856 1149 930 1195 cum
949 1128 1192 1213 duodequadra-
1210 1151 1241 1190 ro

181 1217 275 1303 ginta
296 1217 501 1303 regnavisset
524 1238 635 1283 annos.

128 1289 168 1352 21
247 1305 331 1371 Tum
353 1304 496 1370 Laelius.
523 1304 618 1371 Nunc
645 1306 684 1371 fit
710 1304 793 1371 illud
815 1303 950 1371 Catonis
973 1306 1105 1391 certius,
1131 1327 1193 1370 nec

128 1368 160 1416 ³⁷
181 1394 337 1478 temporis
367 1394 462 1458 unius
492 1416 551 1460 nec
579 1393 722 1460 hominis
750 1415 820 1459 esse
849 1394 1116 1460 constitutionem
1143 1395 1192 1459 rei

180 1483 271 1568 publ
262 1504 343 1566 rcae3
366 1482 573 1567 perspicuum
596 1486 647 1547 est
665 1483 760 1567 enim,
783 1483 933 1567 quanta
923 1505 958 1547 m
976 1483 1124 1569 singulos
1142 1504 1193 1547 re-

182 1593 239 1658 ges
263 1593 372 1636 rerum
394 1572 553 1636 bonarum
576 1574 609 1635 et
627 1571 758 1636 utilium
780 1572 840 1637 fiat
862 1571 1012 1637 accessio.
1057 1570 1120 1636 Sed
1143 1593 1192 1636 se
1208 1595 1238 1636 rs

182 1660 323 1745 quitur
313 1681 351 1742 rs,
378 1659 432 1744 qui
455 1659 536 1724 mihi
558 1659 687 1724 videtur
710 1682 749 1725 ex
772 1659 954 1725 omnibus
944 1681 979 1724 ιιι
1000 1681 1036 1724 rc
1058 1659 1192 1745 publica

179 1749 298 1815 vidisse
320 1746 506 1833 plurimum.
551 1747 604 1813 Ita
627 1752 678 1812 est
682 1748 820 1832 ‚inquit
843 1745 962 1850 Scipio.
1004 1747 1092 1814 Nam
1114 1753 1192 1833 post

179 1866 206 1918 p
231 1840 279 1919 ιι]
317 1858 391 1901 eum
423 1833 553 1902 Servius
585 1833 721 1924 Tultlius
757 1836 883 1922 primus
917 1836 1042 1903 iniussu
1076 1837 1188 1922 populi

179 1925 401 2012 regnavisset
386 1925 487 1990 tradit
473 1929 536 2011 tur,
555 1947 651 2011 quem
668 1925 778 1990 ierunt
763 1929 836 1990 tex
849 1946 943 1991 serva
956 1924 1191 2010 Tarquiniense

179 2020 303 2097 natum,
325 2035 399 2079 oum
422 2018 508 2079 esset
531 2035 574 2078 ex
593 2014 733 2099 quodam
756 2014 843 2100 regis
866 2013 984 2079 cliente
1006 2018 1190 2099 conceptus.
1206 2036 1236 2078 so

180 2102 242 2179 Qui
273 2125 348 2168 cum
376 2101 614 2167 famulorum
601 2124 637 2167 ιιι
662 2123 797 2167 numero
826 2102 980 2168 educatus
1007 2103 1049 2167 ad
1075 2125 1115 2188 ep
1116 2102 1190 2168 ulas

181 2192 269 2277 regis
292 2190 474 2292 adsisteret,
496 2212 564 2255 nou
585 2187 684 2256 la'tuit
706 2190 791 2256 scint
776 2190 877 2255 tilla
867 2191 1000 2276 mgenii‚
1022 2212 1105 2275 quae
1122 2191 1191 2256 iam

180 2284 252 2344 tum
279 2278 464 2344 elucebat'
413 2282 489 2343 tm
516 2279 704 2364 pue103sic
731 2280 837 2343 erat
828 2300 863 2343 m
891 2280 981 2344 omni
1006 2279 1060 2344 vel
1082 2278 1190 2345 officio

180 2368 233 2434 vel
256 2388 405 2432 sermone
428 2367 553 2433 sollers.
588 2365 703 2452 Itaque
717 2366 920 2452 Tarquinius,
943 2389 999 2453 qm
989 2367 1190 2433 admodum

181 2476 300 2543 parvos
322 2459 393 2520 tum
416 2454 553 2521 haberet
574 2454 754 2539 liberos,
728 2477 774 2521 sic
797 2453 945 2521 Servium
964 2455 1131 2542 diligebat,
1152 2461 1190 2521 ut
1205 2478 1233 2520 ιι

180 2574 208 2626 p
223 2544 318 2627 291]
309 2565 337 2608 rs
354 2544 423 2608 eius
437 2544 537 2644 vulgo
551 2541 735 2630 hetberetur
748 2543 844 2629 filius,
862 2547 961 2628 atque
974 2566 1048 2609 eum
1062 2566 1189 2610 summo

181 2634 289 2700 studio
313 2632 508 2699 omnibus
486 2653 527 2697 ns
546 2634 681 2718 artibus,
704 2654 785 2717 quas
803 2632 873 2718 ipse
892 2632 1056 2716 didicerat,
1079 2633 1121 2698 ad
1138 2655 1189 2697 ex·

129 2736 162 2786 ss
182 2722 266 2808 quisi
268 2722 429 2786 tissimum
452 2722 717 2786 consuetudinem
741 2719 938 2787 Graecorum
962 2683 1088 2787 erudiit.
1127 2719 1187 2787 Sed

181 2833 255 2878 cum
277 2809 472 2894 Tarquinius
502 2809 628 2874 insidiis
651 2808 734 2874 Anci
761 2809 903 2875 filiorum
929 2809 1097 2874 interisset
1118 2807 1189 2876 Ser—

181 2900 324 2985 viusque,
347 2902 385 2963 ut
404 2902 479 2963 ante
498 2897 573 2982 dixi,
595 2918 731 2984 regnare
750 2897 910 2984 coepisset
926 2919 993 2964 non
1010 2897 1110 2983 iussu,
1133 2899 1189 2964 sed
1203 2921 1231 2962 so

181 2988 351 3055 voluntate
379 2991 477 3071 atque
500 3007 653 3051 concessu
674 2985 808 3069 civium,
835 2986 933 3071 quod,
960 3008 1033 3053 cum
1056 2986 1190 3073 Tarqui·

181 3105 209 3157 p
228 3078 295 3158 ιιι]
322 3075 397 3140 nius
425 3097 465 3140 ex
490 3074 624 3140 vulnere
651 3071 758 3161 seiger
783 3073 885 3140 fuisse
912 3079 946 3140 et
974 3075 1083 3140 vivere
1105 3075 1189 3141 falso

183 3165 356 3266 diceretur,
382 3163 439 3228 ille
462 3163 555 3265 regio
577 3163 726 3229 omatu'
717 3184 768 3228 rus
791 3162 927 3228 dixisset
953 3163 1188 3266 obaeratosque

182 3253 349 3405 ῙῶεοιιιιιιΗ
340 3273 400 3317 sus
421 3249 626 3403 liberadtljisset
644 3251 812 3405 musstaque
826 3252 984 3423 tcomitate
1002 3273 1081 3318 usus
1078 3254 1188 3407 Tm

211 3363 248 3405 ar
270 3340 352 3405 u1mi
379 3361 414 3405 se
436 3360 487 3404 ms
544 3360 615 3405 cere
660 3361 697 3405 ro
722 3361 826 3405 avrsse
880 3362 948 3406 non
969 3341 1117 3407 commis1
1154 3364 1189 3407 se
1203 3361 1229 3403 ιι

182 3362 346 3513 patribus,
375 3427 430 3491 sed
452 3362 855 3514 Tarquiniopsepulto
811 3429 969 3514 populum
996 3429 1035 3494 de
1063 3451 1097 3495 se
1119 3430 1188 3516 ipse

182 3515 377 3582 consuluit
368 3536 538 3600 1ussusque
561 3537 697 3602 regnare
720 3516 827 3600 legem
850 3516 916 3581 de
906 3517 1041 3602 imperio
1060 3539 1119 3586 suo
1138 3542 1188 3584 cu
