2654 3912
165 197 232 261 442
567 197 615 251 DE
633 196 787 252 LEGIBUS

165 343 221 427 qui
243 347 355 426 posset
378 365 485 408 carere
508 343 662 429 cognita?
699 341 863 426 Sapientis
882 346 992 408 autem
1010 342 1090 409 civis
1108 343 1173 408 fuit

166 452 296 496 oausam
327 453 387 496 nec
417 431 634 516 perniciosam
665 435 699 497 et
729 431 778 497 ita
806 432 1011 517 popularem,
1043 434 1080 496 ut
1106 454 1173 497 non

165 523 276 604 posset
298 519 423 602 obsisti,
446 520 623 604 perniciose
646 519 798 605 populari
816 519 878 584 civi
897 542 963 585 non
980 519 1172 605 relinquere.

166 605 234 672 Scis
257 608 371 691 solere,
393 607 504 692 frater,
526 608 561 672 in
583 608 678 673 huius
697 608 786 673 modi
803 630 960 692 sermone,
982 612 1020 673 ut
1038 608 1174 674 transiri

165 696 231 761 alio
263 697 384 781 possit,
416 695 479 763 dici
509 695 718 762 ‘Admodum'
750 701 807 762 aut
840 696 988 762 ‘Prorsus
1019 696 1068 762 ita
1100 696 1199 762 est'a

166 784 200 865 Q.
223 783 319 849 Haud
343 784 491 869 equidem
514 785 688 869 adsentior,
711 789 749 850 tu
769 789 881 850 tamen
900 785 941 849 ad
958 785 1085 870 reliqua
1102 808 1173 870 per·

165 894 224 958 gas
244 873 350 938 velim.
388 873 437 939 M.
455 873 648 940 Perseveras
670 877 708 938 tu
731 874 861 958 quidem
883 877 917 939 et
934 873 969 938 in
986 877 1045 939 tua
1062 879 1172 940 vetere

166 962 327 1026 sententia
349 983 528 1045 permanes.
571 964 647 1029 Ara
670 960 738 1027 Nec
761 962 944 1027 mehercule
967 982 1028 1048 ego
1052 984 1129 1028 sane
1152 986 1173 1029 a

115 1109 155 1171 12
165 1049 285 1204 Quiqtffo
292 1055 412 1203 Iqestro
427 1050 592 1134 dissentio,
611 1050 666 1115 sed
680 1073 728 1204 qa,
746 1072 829 1135 quae
842 1054 977 1204 rqstanp,
994 1051 1172 1117 audiamus.

271 1190 278 1202 .
325 1139 413 1204 eince
437 1138 482 1203 si
509 1139 572 1203 'tur
591 1139 679 1204 omni
703 1161 740 1203 us
760 1162 813 1204 ma
839 1139 864 1203 ’s
882 1139 946 1203 rati
970 1161 1007 1205 us
1028 1162 1086 1204 aus
1109 1140 1215 1206 iciaro

112 1186 145 1234 2⁷
165 1231 198 1292 et
221 1227 338 1292 iudicia
361 1160 637 1311 dariturffiudioia,
659 1232 697 1292 ut
715 1231 802 1293 esset
814 1160 934 1312 {depuli
956 1164 1112 1313 potestati,
1131 1229 1173 1294 ad

166 1338 263 1399 quam
286 1319 526 1400 provocaretur,
550 1316 703 1401 auspicia,
725 1320 764 1380 ut
783 1316 906 1381 multos
923 1315 1057 1381 inutiles
1076 1317 1173 1383 comi·

165 1404 266 1469 tiatus
285 1405 475 1489 probabiles
491 1404 675 1489 inpedirent
693 1426 817 1489 morae3
840 1425 936 1489 saepe
955 1405 1040 1469 enim
1058 1406 1173 1490 populi

164 1490 322 1577 impetum
339 1493 496 1557 iniustum
511 1493 663 1577 auspiciis
678 1493 710 1557 di
724 1493 926 1558 immortales
940 1499 1172 1578 represserunt.

164 1580 214 1644 Ex
233 1581 273 1645 iis
290 1585 409 1664 autem,
427 1582 483 1665 qui
501 1583 730 1666 magistratum
749 1585 912 1667 ceperunt,
936 1581 1022 1666 quod
1040 1587 1172 1647 senatus
1187 1603 1213 1643 rs

164 1669 313 1753 efficitur,
331 1670 488 1755 populare
505 1676 550 1735 est
566 1692 644 1734 sane
661 1669 823 1735 neminem
840 1670 875 1734 in
889 1691 1050 1735 summum
1065 1671 1172 1736 locum

163 1757 228 1822 nisi
250 1779 308 1842 per
331 1759 488 1843 populum
511 1759 624 1823 venire'
644 1759 775 1823 sublata
792 1758 999 1843 cooptatione
1017 1761 1172 1824 censoria.

165 1843 228 1910 Sed
250 1851 381 1930 praesto
410 1851 459 1911 est
482 1846 576 1911 huius
600 1847 672 1912 vitii
694 1848 903 1932 temperatio,
931 1846 1016 1931 quod
1039 1852 1172 1913 senatus

111 1936 236 2018 relege
266 1938 381 2000 nostra
417 1936 627 2001 confirmatur
665 1935 856 2020 auctoritas,
893 1935 1039 2020 sequitur
1073 1936 1172 2001 enim:

132 2091 135 2096 ,
163 2024 256 2088 Eius
285 2024 441 2089 decreta
467 2028 555 2088 rata
582 2028 705 2089 sunto.
750 2022 837 2090 Nam
858 2024 908 2089 ita
931 2046 965 2089 se
988 2046 1040 2089 res
1063 2025 1213 2110 habetur

119 2170 124 2179 ,
163 2116 209 2194 ut,
233 2111 266 2176 si'
285 2117 417 2177 senatus
441 2112 590 2177 dominus
615 2112 659 2177 sit
676 2112 798 2198 publici
816 2112 952 2196 consilii,
977 2113 1125 2198 quodque
1142 2115 1172 2178 is

164 2200 314 2282 ereverit,
338 2200 511 2265 defendant
534 2222 655 2284 omnes,
678 2204 720 2283 et,
743 2201 772 2265 si
794 2200 923 2266 ordines
946 2201 1063 2285 reliqui
1085 2203 1172 2287 prin-

164 2288 244 2373 cipis
273 2289 396 2353 ordinis
425 2288 560 2354 consilio
583 2310 652 2353 rem
675 2289 840 2374 publicam
863 2289 1038 2373 gubernari
1061 2291 1171 2371 velint,

163 2376 269 2462 possit
287 2398 326 2441 ex
343 2377 579 2461 temperatione
597 2377 687 2460 iuris,
706 2399 804 2461 quom
822 2381 970 2462 potestas
988 2378 1023 2442 in
1040 2380 1172 2464 populo,

164 2464 342 2530 auctoritas
365 2464 400 2529 in
423 2469 537 2530 senatu
561 2465 613 2550 sit,
636 2466 741 2530 teneri
762 2467 820 2531 ille
842 2466 1029 2531 moderatus
1048 2471 1081 2532 et
1099 2490 1171 2533 con·
1185 2484 1212 2526 2⁵

164 2574 236 2619 cors
259 2553 403 2618 civitatis
426 2557 546 2636 status,
572 2554 765 2639 praesertim
788 2554 817 2619 si
838 2556 1005 2640 proximae
1028 2555 1095 2642 legi
1116 2579 1171 2641 pa·

163 2641 297 2707 rebitur.
333 2641 419 2707 Nam
442 2642 625 2727 proximum
648 2645 711 2707 est:
733 2641 767 2707 Is
791 2643 882 2708 ordo
905 2643 1003 2709 vitio
1026 2648 1171 2728 cereto,

164 2730 306 2796 ceteris
334 2731 530 2817 specimen
553 2737 645 2796 esto.
691 2734 726 2812 Q.
748 2729 921 2797 Praeclara
942 2753 1033 2816 vero,
1059 2731 1172 2817 frater,

163 2818 229 2884 ista
255 2819 320 2903 lex,
351 2819 406 2885 sed
434 2823 467 2884 et
493 2821 561 2884 late
589 2823 693 2904 patet,
721 2823 760 2885 ut
781 2820 862 2885 vitio
885 2824 995 2885 careat
1017 2821 1109 2905 ordo,
1139 2825 1172 2886 et

6 2976 7 2989 2
111 2919 145 2968 29
165 2929 331 2974 censorem
363 2909 490 2993 quaerit
520 2908 740 2992 interpretem.
790 2910 866 2974 Am.
893 2907 955 2973 Ille
986 2930 1077 2993 vero,
1108 2910 1172 2975 etsi
1185 2927 1212 2967 ³⁰

6 3052 7 3069 ,
164 3001 239 3061 tuus
263 3001 314 3061 est
331 3001 421 3062 totus
441 2997 520 3062 ordo
540 2996 824 3082 gratissimamque
843 2997 1033 3062 memoriam
1052 2997 1172 3063 retinet

6 3072 8 3163 l
164 3086 352 3150 consulatus
375 3086 434 3168 tui,
456 3107 535 3171 pace
558 3089 616 3149 tua
639 3085 782 3169 dixerim,
804 3107 870 3150 non
893 3085 989 3151 modo
1013 3107 1173 3170 censores,

165 3173 221 3238 sed
245 3173 344 3238 etiam
367 3174 488 3239 iudices
512 3195 623 3239 omnes
646 3177 756 3258 potest
779 3173 967 3259 defatigare.
1037 3230 1039 3237 χ

114 3262 154 3326 13
176 3332 179 3339 Ι
230 3263 279 3328 Μ.
303 3262 425 3328 Omitte
452 3263 530 3345 ista,
558 3262 682 3346 Attioe3
708 3283 774 3327 non
801 3262 886 3326 enim
911 3262 949 3326 de
971 3262 1034 3328 hoc
1056 3267 1173 3327 senatu

165 3373 224 3416 nec
245 3350 297 3414 his
322 3351 360 3414 de
383 3351 584 3434 hominibus,
606 3350 662 3435 qui
684 3372 769 3416 nunc
793 3353 881 3434 sunt,
904 3350 960 3415 sed
983 3350 1022 3415 de
1044 3350 1172 3435 futuris,
1186 3367 1214 3410 er·

165 3439 194 3502 si
222 3439 277 3522 qui
299 3438 384 3503 forte
407 3439 459 3504 his
482 3438 610 3525 legibus
633 3460 746 3523 parere
770 3438 946 3523 voluerint,
972 3438 1053 3504 haee
1075 3440 1172 3504 habe·

164 3529 220 3590 tur
242 3526 357 3592 oratio.
398 3527 484 3592 Nam
508 3549 606 3612 quom
630 3527 718 3591 omni
740 3528 822 3592 vitio
846 3548 954 3592 carere
978 3528 1029 3591 lex
1052 3527 1173 3609 iubeat,
