<?xml version="1.0" encoding="UTF-8"?>
<!DOCTYPE html PUBLIC "-//W3C//DTD XHTML 1.0 Transitional//EN"
    "http://www.w3.org/TR/xhtml1/DTD/xhtml1-transitional.dtd">
<html xmlns="http://www.w3.org/1999/xhtml" xml:lang="en" lang="en">
 <head>
  <title>
</title>
<meta http-equiv="Content-Type" content="text/html;charset=utf-8" />
  <meta name='ocr-system' content='tesseract 3.04.00' />
  <meta name='ocr-capabilities' content='ocr_page ocr_carea ocr_par ocr_line ocrx_word'/>
</head>
<body>
  <div class='ocr_page' id='page_1' title='image "./mtulliiciceroni00salegoog_0462.png"; bbox 0 0 2654 3912; ppageno 0'>
   <div class='ocr_carea' id='block_1_1' title="bbox 421 185 1161 254">
    <p class='ocr_par' dir='ltr' id='par_1_1' title="bbox 421 185 1161 254">
     <span class='ocr_line' id='line_1_1' title="bbox 421 185 1161 254; baseline 0.008 -14"><span class='ocrx_word' id='word_1_1' title='bbox 421 187 489 246; x_wconf 78' lang='lat' dir='ltr'><strong>tm.</strong></span> <span class='ocrx_word' id='word_1_2' title='bbox 508 188 542 244; x_wconf 83' lang='grc' dir='ltr'><strong>Π.</strong></span> <span class='ocrx_word' id='word_1_3' title='bbox 568 187 643 243; x_wconf 76' lang='grc' dir='ltr'>οΑΡ.</span> <span class='ocrx_word' id='word_1_4' title='bbox 663 195 741 243; x_wconf 80' lang='lat' dir='ltr'><strong>4-s.</strong></span> <span class='ocrx_word' id='word_1_5' title='bbox 761 193 776 254; x_wconf 78' lang='lat' dir='ltr'><strong>s</strong></span> <span class='ocrx_word' id='word_1_6' title='bbox 795 193 890 242; x_wconf 72' lang='lat' dir='ltr'><strong>s-rs.</strong></span> <span class='ocrx_word' id='word_1_7' title='bbox 1095 185 1161 249; x_wconf 79' lang='lat'><strong>409</strong></span> 
     </span>
    </p>
   </div>
   <div class='ocr_carea' id='block_1_2' title="bbox 108 330 1283 3514">
    <p class='ocr_par' dir='ltr' id='par_1_2' title="bbox 150 330 1162 683">
     <span class='ocr_line' id='line_1_2' title="bbox 150 330 1162 417; baseline -0.002 -22"><span class='ocrx_word' id='word_1_8' title='bbox 150 330 297 417; x_wconf 86' lang='lat' dir='ltr'><strong>profecto</strong></span> <span class='ocrx_word' id='word_1_9' title='bbox 327 332 367 397; x_wconf 87' lang='lat' dir='ltr'><strong>ad</strong></span> <span class='ocrx_word' id='word_1_10' title='bbox 396 331 536 396; x_wconf 90' lang='lat' dir='ltr'><strong>salutem</strong></span> <span class='ocrx_word' id='word_1_11' title='bbox 562 331 680 397; x_wconf 85' lang='lat' dir='ltr'><strong>civium</strong></span> <span class='ocrx_word' id='word_1_12' title='bbox 703 331 937 417; x_wconf 73' lang='lat' dir='ltr'><strong>civitatumque</strong></span> <span class='ocrx_word' id='word_1_13' title='bbox 959 330 1162 398; x_wconf 87' lang='lat' dir='ltr'><strong>incolumita-</strong></span> 
     </span>
     <span class='ocr_line' id='line_1_3' title="bbox 151 419 1161 506; baseline -0.003 -21"><span class='ocrx_word' id='word_1_14' title='bbox 151 425 218 485; x_wconf 89' lang='lat' dir='ltr'><strong>tem</strong></span> <span class='ocrx_word' id='word_1_15' title='bbox 246 420 412 506; x_wconf 85' lang='lat' dir='ltr'><strong>vitamque</strong></span> <span class='ocrx_word' id='word_1_16' title='bbox 440 421 608 485; x_wconf 92' lang='lat' dir='ltr'><strong>hominum</strong></span> <span class='ocrx_word' id='word_1_17' title='bbox 637 419 780 505; x_wconf 90' lang='lat' dir='ltr'><strong>quietam</strong></span> <span class='ocrx_word' id='word_1_18' title='bbox 803 424 836 484; x_wconf 86' lang='lat' dir='ltr'><strong>et</strong></span> <span class='ocrx_word' id='word_1_19' title='bbox 859 420 990 485; x_wconf 78' lang='lat' dir='ltr'>beatam</span> <span class='ocrx_word' id='word_1_20' title='bbox 1012 420 1161 483; x_wconf 85' lang='lat' dir='ltr'><strong>inventas</strong></span> 
     </span>
     <span class='ocr_line' id='line_1_4' title="bbox 152 508 1162 595; baseline -0.003 -22"><span class='ocrx_word' id='word_1_21' title='bbox 152 529 223 573; x_wconf 91' lang='lat' dir='ltr'><strong>esse</strong></span> <span class='ocrx_word' id='word_1_22' title='bbox 246 508 351 595; x_wconf 88' lang='lat' dir='ltr'><strong>leges,</strong></span> <span class='ocrx_word' id='word_1_23' title='bbox 380 530 512 593; x_wconf 87' lang='lat' dir='ltr'><strong>cosque,</strong></span> <span class='ocrx_word' id='word_1_24' title='bbox 540 509 596 593; x_wconf 93' lang='lat' dir='ltr'><strong>qui</strong></span> <span class='ocrx_word' id='word_1_25' title='bbox 618 508 760 594; x_wconf 91' lang='lat' dir='ltr'><strong>primum</strong></span> <span class='ocrx_word' id='word_1_26' title='bbox 783 509 852 573; x_wconf 88' lang='lat' dir='ltr'><strong>eius</strong></span> <span class='ocrx_word' id='word_1_27' title='bbox 875 508 963 574; x_wconf 90' lang='lat' dir='ltr'><strong>modi</strong></span> <span class='ocrx_word' id='word_1_28' title='bbox 986 508 1068 573; x_wconf 88' lang='lat' dir='ltr'><strong>scita</strong></span> <span class='ocrx_word' id='word_1_29' title='bbox 1091 529 1162 570; x_wconf 89' lang='lat' dir='ltr'><strong>san·</strong></span> 
     </span>
     <span class='ocr_line' id='line_1_5' title="bbox 150 596 1162 683; baseline -0.003 -22"><span class='ocrx_word' id='word_1_30' title='bbox 150 596 271 682; x_wconf 75' lang='lat' dir='ltr'><strong>xennt,</strong></span> <span class='ocrx_word' id='word_1_31' title='bbox 298 597 429 683; x_wconf 87' lang='lat' dir='ltr'><strong>populis</strong></span> <span class='ocrx_word' id='word_1_32' title='bbox 458 597 638 663; x_wconf 75' lang='lat' dir='ltr'>ostendisse</span> <span class='ocrx_word' id='word_1_33' title='bbox 666 619 704 662; x_wconf 89' lang='lat' dir='ltr'><strong>ea</strong></span> <span class='ocrx_word' id='word_1_34' title='bbox 731 619 766 662; x_wconf 85' lang='lat' dir='ltr'><strong>se</strong></span> <span class='ocrx_word' id='word_1_35' title='bbox 795 596 973 683; x_wconf 90' lang='lat' dir='ltr'><strong>scripturos</strong></span> <span class='ocrx_word' id='word_1_36' title='bbox 997 600 1094 680; x_wconf 90' lang='lat' dir='ltr'><strong>atque</strong></span> <span class='ocrx_word' id='word_1_37' title='bbox 1118 596 1162 659; x_wconf 91' lang='lat' dir='ltr'><strong>la-</strong></span> 
     </span>
    </p>

    <p class='ocr_par' dir='ltr' id='par_1_3' title="bbox 120 684 1163 1125">
     <span class='ocr_line' id='line_1_6' title="bbox 120 684 1162 771; baseline 0.002 -25"><span class='ocrx_word' id='word_1_38' title='bbox 120 688 252 770; x_wconf 82' lang='lat' dir='ltr'><strong>oturos,</strong></span> <span class='ocrx_word' id='word_1_39' title='bbox 276 685 394 771; x_wconf 90' lang='lat' dir='ltr'><strong>quibus</strong></span> <span class='ocrx_word' id='word_1_40' title='bbox 420 685 471 750; x_wconf 89' lang='lat' dir='ltr'><strong>illi</strong></span> <span class='ocrx_word' id='word_1_41' title='bbox 495 685 626 752; x_wconf 81' lang='lat' dir='ltr'><strong>adscitis</strong></span> <span class='ocrx_word' id='word_1_42' title='bbox 651 686 874 771; x_wconf 85' lang='lat' dir='ltr'><strong>susceptisque</strong></span> <span class='ocrx_word' id='word_1_43' title='bbox 897 685 1033 750; x_wconf 88' lang='lat' dir='ltr'><strong>honeste</strong></span> <span class='ocrx_word' id='word_1_44' title='bbox 1055 684 1162 749; x_wconf 81' lang='lat' dir='ltr'><strong>beate</strong></span> 
     </span>
     <span class='ocr_line' id='line_1_7' title="bbox 152 773 1163 862; baseline -0.003 -24"><span class='ocrx_word' id='word_1_45' title='bbox 152 795 214 858; x_wconf 89' lang='lat' dir='ltr'><strong>que</strong></span> <span class='ocrx_word' id='word_1_46' title='bbox 238 773 400 858; x_wconf 80' lang='lat' dir='ltr'><strong>viverent3</strong></span> <span class='ocrx_word' id='word_1_47' title='bbox 423 796 569 860; x_wconf 85' lang='lat' dir='ltr'><strong>quaeque</strong></span> <span class='ocrx_word' id='word_1_48' title='bbox 592 775 640 839; x_wconf 88' lang='lat' dir='ltr'><strong>ita</strong></span> <span class='ocrx_word' id='word_1_49' title='bbox 663 774 833 859; x_wconf 86' lang='lat' dir='ltr'><strong>conposita</strong></span> <span class='ocrx_word' id='word_1_50' title='bbox 852 777 1026 857; x_wconf 86' lang='lat' dir='ltr'><strong>sanctaque</strong></span> <span class='ocrx_word' id='word_1_51' title='bbox 1045 775 1163 862; x_wconf 83' lang='lat' dir='ltr'><strong>essent,</strong></span> 
     </span>
     <span class='ocr_line' id='line_1_8' title="bbox 150 860 1163 949; baseline -0.002 -23"><span class='ocrx_word' id='word_1_52' title='bbox 150 884 206 927; x_wconf 87' lang='lat' dir='ltr'><strong>eas</strong></span> <span class='ocrx_word' id='word_1_53' title='bbox 228 862 320 949; x_wconf 86' lang='lat' dir='ltr'><strong>leges</strong></span> <span class='ocrx_word' id='word_1_54' title='bbox 342 860 493 928; x_wconf 86' lang='lat' dir='ltr'><strong>videlicet</strong></span> <span class='ocrx_word' id='word_1_55' title='bbox 515 862 730 928; x_wconf 83' lang='lat' dir='ltr'><strong>nominarent.</strong></span> <span class='ocrx_word' id='word_1_56' title='bbox 770 862 821 927; x_wconf 80' lang='lat' dir='ltr'><strong>Ex</strong></span> <span class='ocrx_word' id='word_1_57' title='bbox 845 883 908 946; x_wconf 89' lang='lat' dir='ltr'><strong>quo</strong></span> <span class='ocrx_word' id='word_1_58' title='bbox 932 861 1080 948; x_wconf 84' lang='lat' dir='ltr'><strong>intellegi</strong></span> <span class='ocrx_word' id='word_1_59' title='bbox 1102 882 1163 946; x_wconf 89' lang='lat' dir='ltr'><strong>par</strong></span> 
     </span>
     <span class='ocr_line' id='line_1_9' title="bbox 149 950 1162 1037; baseline -0.003 -21"><span class='ocrx_word' id='word_1_60' title='bbox 149 955 201 1016; x_wconf 86' lang='lat' dir='ltr'><strong>est</strong></span> <span class='ocrx_word' id='word_1_61' title='bbox 219 972 284 1036; x_wconf 90' lang='lat' dir='ltr'><strong>eos,</strong></span> <span class='ocrx_word' id='word_1_62' title='bbox 303 951 359 1037; x_wconf 90' lang='lat' dir='ltr'><strong>qui</strong></span> <span class='ocrx_word' id='word_1_63' title='bbox 377 950 558 1037; x_wconf 88' lang='lat' dir='ltr'><strong>perniciosa</strong></span> <span class='ocrx_word' id='word_1_64' title='bbox 576 954 609 1016; x_wconf 89' lang='lat' dir='ltr'><strong>et</strong></span> <span class='ocrx_word' id='word_1_65' title='bbox 627 951 749 1021; x_wconf 88' lang='lat' dir='ltr'><strong>iniusta</strong></span> <span class='ocrx_word' id='word_1_66' title='bbox 767 950 897 1037; x_wconf 85' lang='lat' dir='ltr'><strong>populis</strong></span> <span class='ocrx_word' id='word_1_67' title='bbox 915 950 1005 1016; x_wconf 88' lang='lat' dir='ltr'><strong>iussa</strong></span> <span class='ocrx_word' id='word_1_68' title='bbox 1024 950 1162 1033; x_wconf 88' lang='lat' dir='ltr'><strong>descrip-</strong></span> 
     </span>
     <span class='ocr_line' id='line_1_10' title="bbox 150 1038 1162 1125; baseline -0.003 -20"><span class='ocrx_word' id='word_1_69' title='bbox 150 1039 262 1125; x_wconf 82' lang='lat' dir='ltr'><strong>serint,</strong></span> <span class='ocrx_word' id='word_1_70' title='bbox 283 1061 381 1124; x_wconf 90' lang='lat' dir='ltr'><strong>quom</strong></span> <span class='ocrx_word' id='word_1_71' title='bbox 400 1043 514 1106; x_wconf 87' lang='lat' dir='ltr'><strong>contra</strong></span> <span class='ocrx_word' id='word_1_72' title='bbox 532 1039 668 1105; x_wconf 86' lang='lat' dir='ltr'><strong>fecerint</strong></span> <span class='ocrx_word' id='word_1_73' title='bbox 687 1062 783 1124; x_wconf 89' lang='lat' dir='ltr'><strong>quam</strong></span> <span class='ocrx_word' id='word_1_74' title='bbox 803 1038 941 1125; x_wconf 88' lang='lat' dir='ltr'><strong>polliciti</strong></span> <span class='ocrx_word' id='word_1_75' title='bbox 959 1038 1162 1125; x_wconf 84' lang='lat' dir='ltr'><strong>professique</strong></span> 
     </span>
    </p>

    <p class='ocr_par' dir='ltr' id='par_1_4' title="bbox 108 1128 1215 1567">
     <span class='ocr_line' id='line_1_11' title="bbox 108 1128 1162 1215; baseline 0.005 -29"><span class='ocrx_word' id='word_1_76' title='bbox 108 1146 136 1187; x_wconf 80' lang='lat' dir='ltr'><strong>ro</strong></span> <span class='ocrx_word' id='word_1_77' title='bbox 150 1128 226 1212; x_wconf 89' lang='lat' dir='ltr'><strong>sint,</strong></span> <span class='ocrx_word' id='word_1_78' title='bbox 249 1128 376 1213; x_wconf 82' lang='lat' dir='ltr'><strong>quidvis</strong></span> <span class='ocrx_word' id='word_1_79' title='bbox 400 1128 510 1215; x_wconf 89' lang='lat' dir='ltr'><strong>potius</strong></span> <span class='ocrx_word' id='word_1_80' title='bbox 528 1128 644 1194; x_wconf 87' lang='lat' dir='ltr'><strong>tulisse</strong></span> <span class='ocrx_word' id='word_1_81' title='bbox 664 1150 761 1213; x_wconf 85' lang='lat' dir='ltr'><strong>quam</strong></span> <span class='ocrx_word' id='word_1_82' title='bbox 780 1129 879 1214; x_wconf 89' lang='lat' dir='ltr'><strong>leges,</strong></span> <span class='ocrx_word' id='word_1_83' title='bbox 901 1132 940 1192; x_wconf 91' lang='lat' dir='ltr'><strong>ut</strong></span> <span class='ocrx_word' id='word_1_84' title='bbox 956 1128 1162 1213; x_wconf 87' lang='lat' dir='ltr'><strong>perspicuum</strong></span> 
     </span>
     <span class='ocr_line' id='line_1_12' title="bbox 150 1215 1161 1303; baseline -0.003 -21"><span class='ocrx_word' id='word_1_85' title='bbox 150 1237 221 1283; x_wconf 87' lang='lat' dir='ltr'><strong>esse</strong></span> <span class='ocrx_word' id='word_1_86' title='bbox 245 1217 352 1302; x_wconf 86' lang='lat' dir='ltr'><strong>possit</strong></span> <span class='ocrx_word' id='word_1_87' title='bbox 374 1216 504 1303; x_wconf 89' lang='lat' dir='ltr'><strong>inipso</strong></span> <span class='ocrx_word' id='word_1_88' title='bbox 526 1217 657 1283; x_wconf 91' lang='lat' dir='ltr'><strong>nomine</strong></span> <span class='ocrx_word' id='word_1_89' title='bbox 681 1217 764 1303; x_wconf 89' lang='lat' dir='ltr'><strong>legis</strong></span> <span class='ocrx_word' id='word_1_90' title='bbox 787 1216 1033 1302; x_wconf 87' lang='lat' dir='ltr'><strong>interpretando</strong></span> <span class='ocrx_word' id='word_1_91' title='bbox 1056 1215 1161 1280; x_wconf 87' lang='lat' dir='ltr'><strong>inesse</strong></span> 
     </span>
     <span class='ocr_line' id='line_1_13' title="bbox 148 1303 1215 1391; baseline -0.004 -20"><span class='ocrx_word' id='word_1_92' title='bbox 148 1305 216 1371; x_wconf 82' lang='lat' dir='ltr'><strong>rim</strong></span> <span class='ocrx_word' id='word_1_93' title='bbox 242 1309 276 1370; x_wconf 90' lang='lat' dir='ltr'><strong>et</strong></span> <span class='ocrx_word' id='word_1_94' title='bbox 299 1305 495 1371; x_wconf 88' lang='lat' dir='ltr'><strong>sententiam</strong></span> <span class='ocrx_word' id='word_1_95' title='bbox 519 1306 597 1371; x_wconf 89' lang='lat' dir='ltr'><strong>iusti</strong></span> <span class='ocrx_word' id='word_1_96' title='bbox 621 1309 654 1370; x_wconf 93' lang='lat' dir='ltr'><strong>et</strong></span> <span class='ocrx_word' id='word_1_97' title='bbox 677 1305 745 1370; x_wconf 87' lang='lat' dir='ltr'><strong>veri</strong></span> <span class='ocrx_word' id='word_1_98' title='bbox 768 1305 906 1391; x_wconf 89' lang='lat' dir='ltr'><strong>legendi.</strong></span> <span class='ocrx_word' id='word_1_99' title='bbox 952 1303 1078 1380; x_wconf 81' lang='lat' dir='ltr'><strong>Quaero</strong></span> <span class='ocrx_word' id='word_1_100' title='bbox 1101 1304 1215 1390; x_wconf 74' lang='lat' dir='ltr'><strong>igi-1¹</strong></span> 
     </span>
     <span class='ocr_line' id='line_1_14' title="bbox 149 1391 1162 1480; baseline -0.002 -21"><span class='ocrx_word' id='word_1_101' title='bbox 149 1397 204 1459; x_wconf 87' lang='lat' dir='ltr'><strong>tur</strong></span> <span class='ocrx_word' id='word_1_102' title='bbox 227 1417 247 1459; x_wconf 89' lang='lat' dir='ltr'><strong>a</strong></span> <span class='ocrx_word' id='word_1_103' title='bbox 269 1398 316 1480; x_wconf 88' lang='lat' dir='ltr'><strong>te,</strong></span> <span class='ocrx_word' id='word_1_104' title='bbox 344 1392 476 1479; x_wconf 81' lang='lat' dir='ltr'><strong>Quinte,</strong></span> <span class='ocrx_word' id='word_1_105' title='bbox 500 1394 584 1460; x_wconf 87' lang='lat' dir='ltr'><strong>sicut</strong></span> <span class='ocrx_word' id='word_1_106' title='bbox 607 1394 658 1458; x_wconf 88' lang='lat' dir='ltr'><strong>illi</strong></span> <span class='ocrx_word' id='word_1_107' title='bbox 681 1394 799 1458; x_wconf 90' lang='lat' dir='ltr'><strong>solent:</strong></span> <span class='ocrx_word' id='word_1_108' title='bbox 828 1391 899 1470; x_wconf 84' lang='lat' dir='ltr'><strong>Quo</strong></span> <span class='ocrx_word' id='word_1_109' title='bbox 923 1392 951 1457; x_wconf 92' lang='lat' dir='ltr'><strong>si</strong></span> <span class='ocrx_word' id='word_1_110' title='bbox 974 1393 1088 1458; x_wconf 78' lang='lat' dir='ltr'><strong>civitas</strong></span> <span class='ocrx_word' id='word_1_111' title='bbox 1113 1414 1162 1457; x_wconf 87' lang='lat' dir='ltr'><strong>ca·</strong></span> 
     </span>
     <span class='ocr_line' id='line_1_15' title="bbox 148 1480 1162 1567; baseline -0.004 -20"><span class='ocrx_word' id='word_1_112' title='bbox 148 1486 229 1567; x_wconf 86' lang='lat' dir='ltr'><strong>reat,</strong></span> <span class='ocrx_word' id='word_1_113' title='bbox 248 1483 380 1549; x_wconf 85' lang='lat' dir='ltr'><strong>obeam</strong></span> <span class='ocrx_word' id='word_1_114' title='bbox 399 1483 505 1567; x_wconf 89' lang='lat' dir='ltr'><strong>ipsam</strong></span> <span class='ocrx_word' id='word_1_115' title='bbox 524 1505 664 1567; x_wconf 87' lang='lat' dir='ltr'><strong>oausam,</strong></span> <span class='ocrx_word' id='word_1_116' title='bbox 683 1482 769 1567; x_wconf 91' lang='lat' dir='ltr'><strong>quod</strong></span> <span class='ocrx_word' id='word_1_117' title='bbox 787 1503 825 1548; x_wconf 91' lang='lat' dir='ltr'><strong>eo</strong></span> <span class='ocrx_word' id='word_1_118' title='bbox 844 1485 962 1565; x_wconf 86' lang='lat' dir='ltr'><strong>careat,</strong></span> <span class='ocrx_word' id='word_1_119' title='bbox 980 1503 1040 1566; x_wconf 90' lang='lat' dir='ltr'><strong>pro</strong></span> <span class='ocrx_word' id='word_1_120' title='bbox 1058 1480 1162 1545; x_wconf 90' lang='lat' dir='ltr'><strong>nihilo</strong></span> 
     </span>
    </p>

    <p class='ocr_par' dir='ltr' id='par_1_5' title="bbox 110 1568 1212 2009">
     <span class='ocr_line' id='line_1_16' title="bbox 110 1568 1162 1656; baseline 0 -21"><span class='ocrx_word' id='word_1_121' title='bbox 110 1587 136 1629; x_wconf 84' lang='lat'><strong>15</strong></span> <span class='ocrx_word' id='word_1_122' title='bbox 150 1570 300 1636; x_wconf 86' lang='lat' dir='ltr'><strong>habenda</strong></span> <span class='ocrx_word' id='word_1_123' title='bbox 327 1571 385 1656; x_wconf 86' lang='lat' dir='ltr'><strong>sit,</strong></span> <span class='ocrx_word' id='word_1_124' title='bbox 414 1571 448 1636; x_wconf 93' lang='lat' dir='ltr'><strong>id</strong></span> <span class='ocrx_word' id='word_1_125' title='bbox 471 1576 562 1637; x_wconf 88' lang='lat' dir='ltr'><strong>estne</strong></span> <span class='ocrx_word' id='word_1_126' title='bbox 584 1570 820 1637; x_wconf 86' lang='lat' dir='ltr'><strong>numerandum</strong></span> <span class='ocrx_word' id='word_1_127' title='bbox 842 1571 877 1635; x_wconf 91' lang='lat' dir='ltr'><strong>in</strong></span> <span class='ocrx_word' id='word_1_128' title='bbox 900 1568 1018 1635; x_wconf 86' lang='lat' dir='ltr'><strong>bonis?</strong></span> <span class='ocrx_word' id='word_1_129' title='bbox 1056 1569 1090 1651; x_wconf 89' lang='lat' dir='ltr'><strong>Q.</strong></span> <span class='ocrx_word' id='word_1_130' title='bbox 1113 1568 1162 1635; x_wconf 83' lang='lat' dir='ltr'><strong>Ac</strong></span> 
     </span>
     <span class='ocr_line' id='line_1_17' title="bbox 150 1657 1162 1747; baseline -0.001 -24"><span class='ocrx_word' id='word_1_131' title='bbox 150 1658 310 1724; x_wconf 87' lang='lat' dir='ltr'><strong>maxumis</strong></span> <span class='ocrx_word' id='word_1_132' title='bbox 334 1660 471 1745; x_wconf 88' lang='lat' dir='ltr'><strong>quidem.</strong></span> <span class='ocrx_word' id='word_1_133' title='bbox 500 1662 551 1727; x_wconf 85' lang='lat' dir='ltr'><strong>M.</strong></span> <span class='ocrx_word' id='word_1_134' title='bbox 569 1659 657 1747; x_wconf 88' lang='lat' dir='ltr'><strong>Lege</strong></span> <span class='ocrx_word' id='word_1_135' title='bbox 676 1662 786 1725; x_wconf 87' lang='lat' dir='ltr'><strong>autem</strong></span> <span class='ocrx_word' id='word_1_136' title='bbox 804 1680 917 1724; x_wconf 86' lang='lat' dir='ltr'><strong>carens</strong></span> <span class='ocrx_word' id='word_1_137' title='bbox 936 1657 1052 1724; x_wconf 85' lang='lat' dir='ltr'><strong>civitas</strong></span> <span class='ocrx_word' id='word_1_138' title='bbox 1071 1660 1162 1723; x_wconf 86' lang='lat' dir='ltr'><strong>estne</strong></span> 
     </span>
     <span class='ocr_line' id='line_1_18' title="bbox 149 1746 1162 1833; baseline -0.002 -21"><span class='ocrx_word' id='word_1_139' title='bbox 149 1749 192 1813; x_wconf 93' lang='lat' dir='ltr'><strong>ob</strong></span> <span class='ocrx_word' id='word_1_140' title='bbox 215 1749 250 1812; x_wconf 80' lang='lat' dir='ltr'><strong>id</strong></span> <span class='ocrx_word' id='word_1_141' title='bbox 270 1748 379 1833; x_wconf 89' lang='lat' dir='ltr'><strong>ipsum</strong></span> <span class='ocrx_word' id='word_1_142' title='bbox 402 1748 552 1814; x_wconf 87' lang='lat' dir='ltr'><strong>habenda</strong></span> <span class='ocrx_word' id='word_1_143' title='bbox 573 1749 665 1814; x_wconf 92' lang='lat' dir='ltr'><strong>nullo</strong></span> <span class='ocrx_word' id='word_1_144' title='bbox 689 1747 783 1814; x_wconf 76' lang='lat' dir='ltr'><strong>loco?</strong></span> <span class='ocrx_word' id='word_1_145' title='bbox 823 1747 857 1828; x_wconf 87' lang='lat' dir='ltr'><strong>Q.</strong></span> <span class='ocrx_word' id='word_1_146' title='bbox 879 1746 954 1813; x_wconf 84' lang='lat' dir='ltr'><strong>Dici</strong></span> <span class='ocrx_word' id='word_1_147' title='bbox 977 1747 1074 1812; x_wconf 87' lang='lat' dir='ltr'><strong>aliter</strong></span> <span class='ocrx_word' id='word_1_148' title='bbox 1096 1767 1162 1811; x_wconf 89' lang='lat' dir='ltr'><strong>non</strong></span> 
     </span>
     <span class='ocr_line' id='line_1_19' title="bbox 148 1832 1161 1923; baseline -0.003 -22"><span class='ocrx_word' id='word_1_149' title='bbox 148 1839 267 1921; x_wconf 87' lang='lat' dir='ltr'><strong>potest.</strong></span> <span class='ocrx_word' id='word_1_150' title='bbox 302 1837 351 1902; x_wconf 84' lang='lat' dir='ltr'><strong>M.</strong></span> <span class='ocrx_word' id='word_1_151' title='bbox 373 1835 514 1902; x_wconf 90' lang='lat' dir='ltr'><strong>Necesse</strong></span> <span class='ocrx_word' id='word_1_152' title='bbox 542 1841 592 1902; x_wconf 90' lang='lat' dir='ltr'><strong>est</strong></span> <span class='ocrx_word' id='word_1_153' title='bbox 613 1837 717 1923; x_wconf 87' lang='lat' dir='ltr'><strong>igitur</strong></span> <span class='ocrx_word' id='word_1_154' title='bbox 739 1837 847 1922; x_wconf 89' lang='lat' dir='ltr'><strong>legem</strong></span> <span class='ocrx_word' id='word_1_155' title='bbox 869 1832 985 1900; x_wconf 88' lang='lat' dir='ltr'><strong>haberi</strong></span> <span class='ocrx_word' id='word_1_156' title='bbox 1006 1835 1042 1899; x_wconf 90' lang='lat' dir='ltr'><strong>in</strong></span> <span class='ocrx_word' id='word_1_157' title='bbox 1064 1834 1161 1900; x_wconf 87' lang='lat' dir='ltr'><strong>rebus</strong></span> 
     </span>
     <span class='ocr_line' id='line_1_20' title="bbox 150 1921 1212 2009; baseline -0.002 -20"><span class='ocrx_word' id='word_1_158' title='bbox 150 1924 292 2009; x_wconf 88' lang='lat' dir='ltr'><strong>optimis.</strong></span> <span class='ocrx_word' id='word_1_159' title='bbox 328 1924 363 2006; x_wconf 89' lang='lat' dir='ltr'><strong>Q.</strong></span> <span class='ocrx_word' id='word_1_160' title='bbox 386 1923 524 1990; x_wconf 87' lang='lat' dir='ltr'><strong>Prorsus</strong></span> <span class='ocrx_word' id='word_1_161' title='bbox 547 1925 721 1990; x_wconf 89' lang='lat' dir='ltr'><strong>adsentior.</strong></span> <span class='ocrx_word' id='word_1_162' title='bbox 757 1925 806 1989; x_wconf 89' lang='lat' dir='ltr'><strong>M.</strong></span> <span class='ocrx_word' id='word_1_163' title='bbox 829 1921 922 2007; x_wconf 81' lang='lat' dir='ltr'><strong>Quid,</strong></span> <span class='ocrx_word' id='word_1_164' title='bbox 945 1923 1031 2007; x_wconf 93' lang='lat' dir='ltr'><strong>quod</strong></span> <span class='ocrx_word' id='word_1_165' title='bbox 1053 1924 1159 1988; x_wconf 89' lang='lat' dir='ltr'><strong>multa</strong></span> <span class='ocrx_word' id='word_1_166' title='bbox 1179 1936 1212 1987; x_wconf 80' lang='lat' dir='ltr'><strong>ls</strong></span> 
     </span>
    </p>

    <p class='ocr_par' dir='ltr' id='par_1_6' title="bbox 110 2011 1283 2453">
     <span class='ocr_line' id='line_1_21' title="bbox 110 2011 1162 2098; baseline 0.006 -28"><span class='ocrx_word' id='word_1_167' title='bbox 110 2029 136 2070; x_wconf 80' lang='lat'><strong>20</strong></span> <span class='ocrx_word' id='word_1_168' title='bbox 148 2011 337 2098; x_wconf 86' lang='lat' dir='ltr'><strong>perniciose,</strong></span> <span class='ocrx_word' id='word_1_169' title='bbox 359 2013 466 2077; x_wconf 88' lang='lat' dir='ltr'><strong>multa</strong></span> <span class='ocrx_word' id='word_1_170' title='bbox 487 2012 640 2098; x_wconf 88' lang='lat' dir='ltr'><strong>pestifere</strong></span> <span class='ocrx_word' id='word_1_171' title='bbox 665 2013 846 2078; x_wconf 86' lang='lat' dir='ltr'><strong>sciscuntur</strong></span> <span class='ocrx_word' id='word_1_172' title='bbox 862 2012 898 2076; x_wconf 92' lang='lat' dir='ltr'><strong>in</strong></span> <span class='ocrx_word' id='word_1_173' title='bbox 915 2012 1055 2098; x_wconf 91' lang='lat' dir='ltr'><strong>populis,</strong></span> <span class='ocrx_word' id='word_1_174' title='bbox 1079 2033 1162 2096; x_wconf 88' lang='lat' dir='ltr'><strong>quae</strong></span> 
     </span>
     <span class='ocr_line' id='line_1_22' title="bbox 149 2100 1160 2188; baseline -0.001 -22"><span class='ocrx_word' id='word_1_175' title='bbox 149 2123 215 2166; x_wconf 90' lang='lat' dir='ltr'><strong>non</strong></span> <span class='ocrx_word' id='word_1_176' title='bbox 242 2100 348 2187; x_wconf 87' lang='lat' dir='ltr'><strong>magis</strong></span> <span class='ocrx_word' id='word_1_177' title='bbox 376 2101 459 2188; x_wconf 90' lang='lat' dir='ltr'><strong>legis</strong></span> <span class='ocrx_word' id='word_1_178' title='bbox 487 2123 606 2166; x_wconf 90' lang='lat' dir='ltr'><strong>nomen</strong></span> <span class='ocrx_word' id='word_1_179' title='bbox 629 2101 816 2188; x_wconf 88' lang='lat' dir='ltr'><strong>adtingunt,</strong></span> <span class='ocrx_word' id='word_1_180' title='bbox 844 2122 942 2187; x_wconf 89' lang='lat' dir='ltr'><strong>quam</strong></span> <span class='ocrx_word' id='word_1_181' title='bbox 965 2100 994 2165; x_wconf 91' lang='lat' dir='ltr'><strong>si</strong></span> <span class='ocrx_word' id='word_1_182' title='bbox 1016 2100 1160 2165; x_wconf 87' lang='lat' dir='ltr'><strong>latrones</strong></span> 
     </span>
     <span class='ocr_line' id='line_1_23' title="bbox 150 2187 1162 2274; baseline 0 -21"><span class='ocrx_word' id='word_1_183' title='bbox 150 2188 277 2274; x_wconf 87' lang='lat' dir='ltr'><strong>aliquas</strong></span> <span class='ocrx_word' id='word_1_184' title='bbox 305 2211 458 2255; x_wconf 87' lang='lat' dir='ltr'><strong>consessu</strong></span> <span class='ocrx_word' id='word_1_185' title='bbox 482 2200 541 2255; x_wconf 84' lang='lat' dir='ltr'><strong>sua</strong></span> <span class='ocrx_word' id='word_1_186' title='bbox 563 2189 751 2255; x_wconf 81' lang='lat' dir='ltr'><strong>sanxerint?</strong></span> <span class='ocrx_word' id='word_1_187' title='bbox 788 2187 875 2254; x_wconf 88' lang='lat' dir='ltr'><strong>Nam</strong></span> <span class='ocrx_word' id='word_1_188' title='bbox 897 2211 1001 2274; x_wconf 87' lang='lat' dir='ltr'><strong>nequo</strong></span> <span class='ocrx_word' id='word_1_189' title='bbox 1025 2189 1162 2254; x_wconf 86' lang='lat' dir='ltr'><strong>medico·</strong></span> 
     </span>
     <span class='ocr_line' id='line_1_24' title="bbox 149 2277 1161 2365; baseline -0.001 -22"><span class='ocrx_word' id='word_1_190' title='bbox 149 2301 222 2344; x_wconf 89' lang='lat' dir='ltr'><strong>rum</strong></span> <span class='ocrx_word' id='word_1_191' title='bbox 248 2281 424 2365; x_wconf 86' lang='lat' dir='ltr'><strong>praecepta</strong></span> <span class='ocrx_word' id='word_1_192' title='bbox 451 2278 514 2345; x_wconf 86' lang='lat' dir='ltr'><strong>dici</strong></span> <span class='ocrx_word' id='word_1_193' title='bbox 540 2300 615 2344; x_wconf 86' lang='lat' dir='ltr'><strong>vere</strong></span> <span class='ocrx_word' id='word_1_194' title='bbox 642 2282 794 2364; x_wconf 86' lang='lat' dir='ltr'><strong>possunt,</strong></span> <span class='ocrx_word' id='word_1_195' title='bbox 827 2278 855 2343; x_wconf 91' lang='lat' dir='ltr'><strong>si</strong></span> <span class='ocrx_word' id='word_1_196' title='bbox 884 2300 966 2364; x_wconf 88' lang='lat' dir='ltr'><strong>quae</strong></span> <span class='ocrx_word' id='word_1_197' title='bbox 992 2277 1087 2343; x_wconf 91' lang='lat' dir='ltr'><strong>inscii</strong></span> <span class='ocrx_word' id='word_1_198' title='bbox 1114 2277 1161 2342; x_wconf 91' lang='lat' dir='ltr'><strong>in·</strong></span> 
     </span>
     <span class='ocr_line' id='line_1_25' title="bbox 149 2366 1283 2453; baseline -0.001 -21"><span class='ocrx_word' id='word_1_199' title='bbox 149 2367 311 2452; x_wconf 87' lang='lat' dir='ltr'><strong>peritique</strong></span> <span class='ocrx_word' id='word_1_200' title='bbox 328 2389 389 2453; x_wconf 89' lang='lat' dir='ltr'><strong>pro</strong></span> <span class='ocrx_word' id='word_1_201' title='bbox 408 2367 607 2433; x_wconf 87' lang='lat' dir='ltr'><strong>salutaribus</strong></span> <span class='ocrx_word' id='word_1_202' title='bbox 626 2366 796 2432; x_wconf 86' lang='lat' dir='ltr'><strong>mortifera</strong></span> <span class='ocrx_word' id='word_1_203' title='bbox 815 2366 1085 2453; x_wconf 77' lang='lat' dir='ltr'><strong>conscripserrmt,</strong></span> <span class='ocrx_word' id='word_1_204' title='bbox 1107 2386 1161 2431; x_wconf 88' lang='lat' dir='ltr'><strong>ne-</strong></span> <span class='ocrx_word' id='word_1_205' title='bbox 1281 2377 1283 2382; x_wconf 85' lang='lat'>&#39;</span> 
     </span>
    </p>

    <p class='ocr_par' dir='ltr' id='par_1_7' title="bbox 111 2454 1161 2895">
     <span class='ocr_line' id='line_1_26' title="bbox 111 2454 1161 2541; baseline 0.002 -25"><span class='ocrx_word' id='word_1_206' title='bbox 111 2472 137 2514; x_wconf 79' lang='lat' dir='ltr'><strong>ss</strong></span> <span class='ocrx_word' id='word_1_207' title='bbox 151 2476 212 2540; x_wconf 88' lang='lat' dir='ltr'><strong>que</strong></span> <span class='ocrx_word' id='word_1_208' title='bbox 244 2455 279 2519; x_wconf 87' lang='lat' dir='ltr'><strong>in</strong></span> <span class='ocrx_word' id='word_1_209' title='bbox 309 2456 431 2541; x_wconf 91' lang='lat' dir='ltr'><strong>populo</strong></span> <span class='ocrx_word' id='word_1_210' title='bbox 464 2456 530 2540; x_wconf 84' lang='lat' dir='ltr'><strong>lex,</strong></span> <span class='ocrx_word' id='word_1_211' title='bbox 567 2455 760 2521; x_wconf 86' lang='lat' dir='ltr'><strong>cuicuimodi</strong></span> <span class='ocrx_word' id='word_1_212' title='bbox 790 2455 891 2519; x_wconf 85' lang='lat' dir='ltr'><strong>fuerit</strong></span> <span class='ocrx_word' id='word_1_213' title='bbox 921 2454 993 2539; x_wconf 87' lang='lat' dir='ltr'><strong>illa,</strong></span> <span class='ocrx_word' id='word_1_214' title='bbox 1031 2454 1161 2520; x_wconf 88' lang='lat' dir='ltr'><strong>etiamsi</strong></span> 
     </span>
     <span class='ocr_line' id='line_1_27' title="bbox 149 2542 1161 2630; baseline -0.001 -23"><span class='ocrx_word' id='word_1_215' title='bbox 149 2542 365 2628; x_wconf 86' lang='lat' dir='ltr'><strong>perniciosum</strong></span> <span class='ocrx_word' id='word_1_216' title='bbox 394 2543 517 2628; x_wconf 88' lang='lat' dir='ltr'><strong>aliquid</strong></span> <span class='ocrx_word' id='word_1_217' title='bbox 543 2544 684 2630; x_wconf 88' lang='lat' dir='ltr'><strong>populus</strong></span> <span class='ocrx_word' id='word_1_218' title='bbox 708 2543 876 2628; x_wconf 88' lang='lat' dir='ltr'><strong>acceperit.</strong></span> <span class='ocrx_word' id='word_1_219' title='bbox 921 2542 1011 2629; x_wconf 83' lang='lat' dir='ltr'><strong>Ergo</strong></span> <span class='ocrx_word' id='word_1_220' title='bbox 1036 2546 1087 2607; x_wconf 89' lang='lat' dir='ltr'><strong>est</strong></span> <span class='ocrx_word' id='word_1_221' title='bbox 1108 2542 1161 2606; x_wconf 86' lang='lat' dir='ltr'><strong>lex</strong></span> 
     </span>
     <span class='ocr_line' id='line_1_28' title="bbox 149 2629 1161 2717; baseline 0 -23"><span class='ocrx_word' id='word_1_222' title='bbox 149 2631 310 2696; x_wconf 90' lang='lat' dir='ltr'><strong>iustorum</strong></span> <span class='ocrx_word' id='word_1_223' title='bbox 331 2631 591 2717; x_wconf 86' lang='lat' dir='ltr'><strong>iniustorumque</strong></span> <span class='ocrx_word' id='word_1_224' title='bbox 615 2630 779 2697; x_wconf 86' lang='lat' dir='ltr'><strong>distinctio</strong></span> <span class='ocrx_word' id='word_1_225' title='bbox 804 2631 845 2696; x_wconf 88' lang='lat' dir='ltr'><strong>ad</strong></span> <span class='ocrx_word' id='word_1_226' title='bbox 862 2631 955 2696; x_wconf 88' lang='lat' dir='ltr'><strong>illam</strong></span> <span class='ocrx_word' id='word_1_227' title='bbox 974 2629 1161 2714; x_wconf 88' lang='lat' dir='ltr'><strong>antiquissi-</strong></span> 
     </span>
     <span class='ocr_line' id='line_1_29' title="bbox 149 2719 1161 2806; baseline -0.003 -21"><span class='ocrx_word' id='word_1_228' title='bbox 149 2741 237 2785; x_wconf 91' lang='lat' dir='ltr'><strong>mam</strong></span> <span class='ocrx_word' id='word_1_229' title='bbox 266 2722 300 2784; x_wconf 91' lang='lat' dir='ltr'><strong>et</strong></span> <span class='ocrx_word' id='word_1_230' title='bbox 323 2741 431 2784; x_wconf 89' lang='lat' dir='ltr'><strong>rerum</strong></span> <span class='ocrx_word' id='word_1_231' title='bbox 455 2721 600 2785; x_wconf 91' lang='lat' dir='ltr'><strong>omnium</strong></span> <span class='ocrx_word' id='word_1_232' title='bbox 623 2719 801 2806; x_wconf 85' lang='lat' dir='ltr'><strong>principem</strong></span> <span class='ocrx_word' id='word_1_233' title='bbox 825 2741 978 2805; x_wconf 87' lang='lat' dir='ltr'><strong>expressa</strong></span> <span class='ocrx_word' id='word_1_234' title='bbox 999 2722 1161 2804; x_wconf 88' lang='lat' dir='ltr'><strong>naturam,</strong></span> 
     </span>
     <span class='ocr_line' id='line_1_30' title="bbox 150 2806 1161 2895; baseline -0.002 -22"><span class='ocrx_word' id='word_1_235' title='bbox 150 2807 191 2874; x_wconf 89' lang='lat' dir='ltr'><strong>ad</strong></span> <span class='ocrx_word' id='word_1_236' title='bbox 213 2830 311 2893; x_wconf 91' lang='lat' dir='ltr'><strong>quam</strong></span> <span class='ocrx_word' id='word_1_237' title='bbox 334 2808 423 2895; x_wconf 87' lang='lat' dir='ltr'><strong>leges</strong></span> <span class='ocrx_word' id='word_1_238' title='bbox 445 2807 592 2874; x_wconf 93' lang='lat' dir='ltr'><strong>homium</strong></span> <span class='ocrx_word' id='word_1_239' title='bbox 612 2809 811 2894; x_wconf 84' lang='lat' dir='ltr'><strong>deriguntur,</strong></span> <span class='ocrx_word' id='word_1_240' title='bbox 834 2829 916 2892; x_wconf 90' lang='lat' dir='ltr'><strong>quae</strong></span> <span class='ocrx_word' id='word_1_241' title='bbox 935 2806 1096 2892; x_wconf 90' lang='lat' dir='ltr'><strong>supplicio</strong></span> <span class='ocrx_word' id='word_1_242' title='bbox 1114 2806 1161 2871; x_wconf 91' lang='lat' dir='ltr'><strong>in·</strong></span> 
     </span>
    </p>

    <p class='ocr_par' dir='ltr' id='par_1_8' title="bbox 111 2896 1009 2982">
     <span class='ocr_line' id='line_1_31' title="bbox 111 2896 1009 2982; baseline -0.001 -21"><span class='ocrx_word' id='word_1_243' title='bbox 111 2896 271 2982; x_wconf 73' lang='lat' dir='ltr'><strong>soprobos</strong></span> <span class='ocrx_word' id='word_1_244' title='bbox 295 2896 460 2982; x_wconf 88' lang='lat' dir='ltr'><strong>adficiunt,</strong></span> <span class='ocrx_word' id='word_1_245' title='bbox 482 2896 657 2963; x_wconf 86' lang='lat' dir='ltr'><strong>defendunt</strong></span> <span class='ocrx_word' id='word_1_246' title='bbox 681 2919 718 2962; x_wconf 85' lang='lat' dir='ltr'><strong>ac</strong></span> <span class='ocrx_word' id='word_1_247' title='bbox 740 2899 874 2961; x_wconf 88' lang='lat' dir='ltr'><strong>tuentur</strong></span> <span class='ocrx_word' id='word_1_248' title='bbox 895 2896 1009 2961; x_wconf 89' lang='lat' dir='ltr'><strong>bonos.</strong></span> 
     </span>
    </p>

    <p class='ocr_par' dir='ltr' id='par_1_9' title="bbox 149 2982 1212 3337">
     <span class='ocr_line' id='line_1_32' title="bbox 216 2982 1200 3069; baseline 0.002 -19"><span class='ocrx_word' id='word_1_249' title='bbox 216 2985 251 3067; x_wconf 89' lang='lat' dir='ltr'><strong>Q.</strong></span> <span class='ocrx_word' id='word_1_250' title='bbox 277 2982 448 3052; x_wconf 84' lang='lat' dir='ltr'><strong>Praeclare</strong></span> <span class='ocrx_word' id='word_1_251' title='bbox 480 2985 637 3069; x_wconf 79' lang='lat' dir='ltr'><strong>intellego</strong></span> <span class='ocrx_word' id='word_1_252' title='bbox 672 3007 731 3050; x_wconf 91' lang='lat' dir='ltr'><strong>nec</strong></span> <span class='ocrx_word' id='word_1_253' title='bbox 762 3006 839 3050; x_wconf 88' lang='lat' dir='ltr'><strong>vero</strong></span> <span class='ocrx_word' id='word_1_254' title='bbox 867 2985 934 3050; x_wconf 91' lang='lat' dir='ltr'><strong>iam</strong></span> <span class='ocrx_word' id='word_1_255' title='bbox 963 2983 1061 3049; x_wconf 89' lang='lat' dir='ltr'><strong>aliam</strong></span> <span class='ocrx_word' id='word_1_256' title='bbox 1089 2985 1200 3052; x_wconf 84' lang='lat' dir='ltr'><strong>csse6</strong></span> 
     </span>
     <span class='ocr_line' id='line_1_33' title="bbox 149 3072 1160 3161; baseline 0 -23"><span class='ocrx_word' id='word_1_257' title='bbox 149 3074 251 3139; x_wconf 86' lang='lat' dir='ltr'><strong>ullam</strong></span> <span class='ocrx_word' id='word_1_258' title='bbox 274 3075 381 3161; x_wconf 88' lang='lat' dir='ltr'><strong>legem</strong></span> <span class='ocrx_word' id='word_1_259' title='bbox 399 3077 480 3159; x_wconf 88' lang='lat' dir='ltr'><strong>puto</strong></span> <span class='ocrx_word' id='word_1_260' title='bbox 498 3096 565 3140; x_wconf 94' lang='lat' dir='ltr'><strong>non</strong></span> <span class='ocrx_word' id='word_1_261' title='bbox 584 3073 680 3140; x_wconf 92' lang='lat' dir='ltr'><strong>modo</strong></span> <span class='ocrx_word' id='word_1_262' title='bbox 699 3072 891 3158; x_wconf 88' lang='lat' dir='ltr'><strong>habendam,</strong></span> <span class='ocrx_word' id='word_1_263' title='bbox 915 3073 1030 3139; x_wconf 89' lang='lat' dir='ltr'><strong>sedne</strong></span> <span class='ocrx_word' id='word_1_264' title='bbox 1052 3073 1160 3160; x_wconf 89' lang='lat' dir='ltr'><strong>appel-</strong></span> 
     </span>
     <span class='ocr_line' id='line_1_34' title="bbox 150 3160 1212 3249; baseline -0.004 -22"><span class='ocrx_word' id='word_1_265' title='bbox 150 3163 279 3227; x_wconf 89' lang='lat' dir='ltr'><strong>landam</strong></span> <span class='ocrx_word' id='word_1_266' title='bbox 317 3162 455 3248; x_wconf 89' lang='lat' dir='ltr'><strong>quidem.</strong></span> <span class='ocrx_word' id='word_1_267' title='bbox 500 3164 549 3230; x_wconf 87' lang='lat' dir='ltr'><strong>M.</strong></span> <span class='ocrx_word' id='word_1_268' title='bbox 580 3161 688 3249; x_wconf 85' lang='lat' dir='ltr'><strong>Igitur</strong></span> <span class='ocrx_word' id='word_1_269' title='bbox 723 3166 761 3227; x_wconf 92' lang='lat' dir='ltr'><strong>tu</strong></span> <span class='ocrx_word' id='word_1_270' title='bbox 796 3160 900 3226; x_wconf 80' lang='lat' dir='ltr'><strong>Titias</strong></span> <span class='ocrx_word' id='word_1_271' title='bbox 937 3164 971 3227; x_wconf 87' lang='lat' dir='ltr'><strong>et</strong></span> <span class='ocrx_word' id='word_1_272' title='bbox 1002 3161 1212 3248; x_wconf 82' lang='lat' dir='ltr'><strong>Apuleias1s</strong></span> 
     </span>
     <span class='ocr_line' id='line_1_35' title="bbox 149 3248 1159 3337; baseline -0.001 -22"><span class='ocrx_word' id='word_1_273' title='bbox 149 3251 238 3317; x_wconf 70' lang='lat' dir='ltr'><strong>leues</strong></span> <span class='ocrx_word' id='word_1_274' title='bbox 265 3251 374 3317; x_wconf 88' lang='lat' dir='ltr'><strong>nullas</strong></span> <span class='ocrx_word' id='word_1_275' title='bbox 401 3251 522 3337; x_wconf 83' lang='lat' dir='ltr'><strong>putas?</strong></span> <span class='ocrx_word' id='word_1_276' title='bbox 559 3251 594 3332; x_wconf 89' lang='lat' dir='ltr'><strong>Q.</strong></span> <span class='ocrx_word' id='word_1_277' title='bbox 615 3248 689 3337; x_wconf 80' lang='lat' dir='ltr'><strong>Ego</strong></span> <span class='ocrx_word' id='word_1_278' title='bbox 717 3272 794 3315; x_wconf 88' lang='lat' dir='ltr'><strong>vero</strong></span> <span class='ocrx_word' id='word_1_279' title='bbox 821 3272 862 3315; x_wconf 92' lang='lat' dir='ltr'><strong>ne</strong></span> <span class='ocrx_word' id='word_1_280' title='bbox 884 3249 994 3315; x_wconf 87' lang='lat' dir='ltr'><strong>Livias</strong></span> <span class='ocrx_word' id='word_1_281' title='bbox 1021 3250 1159 3335; x_wconf 88' lang='lat' dir='ltr'><strong>quidem.</strong></span> 
     </span>
    </p>

    <p class='ocr_par' dir='ltr' id='par_1_10' title="bbox 112 3304 1159 3514">
     <span class='ocr_line' id='line_1_36' title="bbox 112 3304 1159 3425; baseline -0.002 -20"><span class='ocrx_word' id='word_1_282' title='bbox 112 3304 201 3405; x_wconf 49' lang='lat' dir='ltr'><strong>old?</strong></span> <span class='ocrx_word' id='word_1_283' title='bbox 218 3338 264 3405; x_wconf 84' lang='lat' dir='ltr'><strong>Et</strong></span> <span class='ocrx_word' id='word_1_284' title='bbox 291 3343 392 3424; x_wconf 88' lang='lat' dir='ltr'><strong>recte,</strong></span> <span class='ocrx_word' id='word_1_285' title='bbox 420 3361 502 3425; x_wconf 87' lang='lat' dir='ltr'><strong>quae</strong></span> <span class='ocrx_word' id='word_1_286' title='bbox 528 3339 722 3425; x_wconf 89' lang='lat' dir='ltr'><strong>praesertim</strong></span> <span class='ocrx_word' id='word_1_287' title='bbox 749 3360 814 3404; x_wconf 87' lang='lat' dir='ltr'><strong>nno</strong></span> <span class='ocrx_word' id='word_1_288' title='bbox 841 3338 1001 3405; x_wconf 84' lang='lat' dir='ltr'><strong>versiculo</strong></span> <span class='ocrx_word' id='word_1_289' title='bbox 1027 3342 1159 3404; x_wconf 89' lang='lat' dir='ltr'><strong>senatus</strong></span> 
     </span>
     <span class='ocr_line' id='line_1_37' title="bbox 149 3426 1159 3514; baseline -0.003 -21"><span class='ocrx_word' id='word_1_290' title='bbox 149 3432 269 3514; x_wconf 88' lang='lat' dir='ltr'><strong>puncto</strong></span> <span class='ocrx_word' id='word_1_291' title='bbox 297 3429 455 3514; x_wconf 89' lang='lat' dir='ltr'><strong>temporis</strong></span> <span class='ocrx_word' id='word_1_292' title='bbox 483 3428 633 3494; x_wconf 88' lang='lat' dir='ltr'><strong>sublatae</strong></span> <span class='ocrx_word' id='word_1_293' title='bbox 656 3429 735 3512; x_wconf 84' lang='lat' dir='ltr'><strong>sint3</strong></span> <span class='ocrx_word' id='word_1_294' title='bbox 763 3428 815 3492; x_wconf 87' lang='lat' dir='ltr'><strong>lex</strong></span> <span class='ocrx_word' id='word_1_295' title='bbox 838 3431 948 3492; x_wconf 87' lang='lat' dir='ltr'><strong>autem</strong></span> <span class='ocrx_word' id='word_1_296' title='bbox 970 3426 1042 3512; x_wconf 89' lang='lat' dir='ltr'><strong>illa,</strong></span> <span class='ocrx_word' id='word_1_297' title='bbox 1069 3427 1159 3492; x_wconf 89' lang='lat' dir='ltr'><strong>cuius</strong></span> 
     </span>
    </p>
   </div>
   <div class='ocr_carea' id='block_1_3' title="bbox 149 3515 1159 3606">
    <p class='ocr_par' dir='ltr' id='par_1_11' title="bbox 149 3515 1159 3606">
     <span class='ocr_line' id='line_1_38' title="bbox 149 3515 1159 3606; baseline -0.005 -22"><span class='ocrx_word' id='word_1_298' title='bbox 149 3517 215 3584; x_wconf 85' lang='lat' dir='ltr'><strong>vim</strong></span> <span class='ocrx_word' id='word_1_299' title='bbox 252 3517 424 3606; x_wconf 81' lang='lat' dir='ltr'><strong>explicavi,</strong></span> <span class='ocrx_word' id='word_1_300' title='bbox 459 3538 563 3602; x_wconf 89' lang='lat' dir='ltr'><strong>neque</strong></span> <span class='ocrx_word' id='word_1_301' title='bbox 599 3516 674 3582; x_wconf 92' lang='lat' dir='ltr'><strong>tolli</strong></span> <span class='ocrx_word' id='word_1_302' title='bbox 710 3537 814 3601; x_wconf 88' lang='lat' dir='ltr'><strong>neque</strong></span> <span class='ocrx_word' id='word_1_303' title='bbox 851 3515 1005 3601; x_wconf 86' lang='lat' dir='ltr'><strong>abrogari</strong></span> <span class='ocrx_word' id='word_1_304' title='bbox 1040 3518 1159 3601; x_wconf 81' lang='lat' dir='ltr'><strong>potest.</strong></span> 
     </span>
    </p>
   </div>
   <div class='ocr_carea' id='block_1_4' title="bbox 0 0 1334 3912">
    <p class='ocr_par' dir='ltr' id='par_1_12' title="bbox 0 0 1334 3912">
     <span class='ocr_line' id='line_1_39' title="bbox 0 0 1334 3912; baseline 0 0"><span class='ocrx_word' id='word_1_305' title='bbox 0 0 1334 3912; x_wconf 95' lang='lat' dir='ltr'><strong> </strong></span> 
     </span>
    </p>
   </div>
  </div>
 </body>
</html>
