2652 3920
192 228 256 292 192
433 270 437 279 .
547 226 596 280 DE
614 224 856 281 DIVINATIONE

187 394 211 437 a
227 376 348 437 naturra
364 372 413 436 uis
432 372 538 437 omnis
558 370 723 437 divinandi
740 370 890 456 ratioque
903 368 1087 457 repetenda
1113 367 1204 434 mari

189 459 294 545 igitur
314 461 424 526 omnia
445 459 516 526 fato
539 459 625 525 ratio
649 459 741 544 oogit
759 457 866 524 ἰάθη
901 457 1021 524 Fatum
1039 456 1205 523 autemid·

190 547 561 634 appellamur-aa
570 544 784 633 εἰμρμέθὴν,
796 547 833 612 id
846 550 899 613 ost
911 547 1058 613 ordinem
1071 546 1203 612 seriem·

190 658 253 721 quo
283 657 470 720 causarum,
500 658 575 703 eum
606 656 725 702 emese
754 657 853 702 sauss
881 656 969 701 nexa
997 656 1067 701 rem
1098 656 1138 700 ex
1166 656 1205 700 aa

191 725 315 812 gignat
363 725 414 790 Ea
444 729 497 790 ost
528 746 566 791 ax
599 724 689 790 omni
717 724 913 790 aetemitata
942 724 1046 790 fluens
1077 724 1203 789 veritas
1230 744 1244 784 s

190 813 397 899 sempiterna
432 811 525 889 Quod
546 834 621 879 oum
643 813 765 898 ita-sit,
787 812 871 878 nihil
887 815 941 879 est
957 812 1091 896 fautum,
1114 812 1203 896 quod

189 923 257 968 non
281 902 429 968 futurum
455 901 568 986 fuerit,
600 901 776 986 eodemque
803 901 901 967 modo
927 900 1010 965 nihil
1038 904 1089 966 ast
1115 900 1203 966 futu·

190 1011 278 1074 rum,
308 990 401 1065 euius
428 1011 497 1056 non
526 1010 642 1056 oausas
672 989 707 1054 id
737 990 846 1075 ipsum
878 988 1053 1055 effioiontes
1080 993 1204 1055 natura

140 1088 190 1138 126
205 1078 380 1144 confinest.
419 1077 470 1143 Ex
493 1099 558 1163 quo
580 1078 794 1165 intellegitur,
815 1082 854 1144 ut
874 1077 980 1143 fatum
1002 1077 1136 1145 sitnon
1158 1076 1203 1163 id,

190 1166 278 1251 quod
300 1166 535 1252 superstitiose,
557 1167 614 1232 sad
629 1167 674 1250 id,
697 1166 784 1252 quod
800 1166 934 1252 physice
951 1165 1080 1251 diuitur,
1102 1187 1204 1232 sousa
1217 1186 1245 1228 ιθ

190 1258 324 1320 aeterna
352 1276 474 1339 rerum,
503 1276 561 1320 eur
585 1258 621 1320 et
648 1276 702 1340 aa,
749 1253 811 1321 uae
832 1255 1084 1341 praeterierunt,
1112 1254 1204 1321 faeta

191 1343 259 1408 sint
280 1346 322 1427 at,
345 1365 429 1428 quaa
449 1344 585 1429 instant,
606 1343 690 1408 fiant
712 1276 755 1429 el,
778 1340 861 1429 quae
880 1346 1068 1428 sequuntur,
1089 1342 1205 1410 lutura

190 1432 266 1497 sint.
310 1431 364 1498 Ita
390 1433 442 1517 iit,
470 1435 509 1497 ut
536 1436 570 1497 et
591 1431 819 1498 observatione
841 1431 950 1498 notari
971 1432 1091 1518 possit,
1120 1454 1203 1517 quaa

190 1542 242 1586 ras
266 1540 428 1606 quumque
451 1542 583 1587 oausam
605 1521 796 1606 plerumque
819 1525 1050 1607 consequatur,
1072 1521 1209 1586 etiamsi*

190 1631 256 1676 non
283 1630 412 1695 semper
438 1606 529 1695 (nam
554 1608 589 1673 id
616 1607 747 1693 quidem
773 1609 945 1674 adfirmare
972 1608 1104 1675 difficile
1127 1609 1245 1697 ast),1s

191 1698 384 1783 easdemque
415 1719 530 1764 causas
561 1697 631 1763 vari
662 1697 769 1763 simila
801 1700 852 1763 est
882 1718 991 1763 rerum
1017 1697 1203 1763 futurarum

191 1787 279 1852 aemi
306 1788 348 1852 ab
375 1785 431 1871 iis,
458 1786 516 1870 qui
541 1788 600 1851 aut
626 1806 685 1872 par
711 1785 857 1853 fororem
878 1808 934 1852 eas
955 1785 1071 1852 autin
1094 1787 1203 1871 quiete

191 1876 332 1941 videant.
598 1898 608 1902 ··
637 1916 640 1922 ‹

138 1930 189 2056 {267
247 1964 431 2029 Praeterea
453 1962 622 2029 oumtfato'
641 1962 752 2028 omnia
773 1963 864 2048 fiant,
886 1962 920 2028 id
940 1963 1027 2048 quod
1044 1963 1111 2030 alio
1129 1964 1203 2030 loeo
1310 1976 1311 1985 ’

191 2051 393 2136 ostendetur,
421 2051 449 2116 si
470 2052 546 2136 quis
567 2051 719 2117 mortalis
740 2051 848 2136 possit
869 2072 953 2134 esse,
980 2051 1037 2139 qui
1058 2052 1203 2139 oonliga·
1216 2071 1246 2113 ro
1310 2056 1311 2059 ’

190 2142 314 2207 tionem
337 2161 508 2206 causarum
526 2140 671 2205 omnium
689 2138 867 2225 perspiciat
885 2140 1003 2225 auimo,
1025 2140 1108 2206 nihil
1128 2162 1202 2206 eum

190 2228 337 2316 proiecto
364 2228 470 2295 fallat
515 2226 578 2304 Qui
603 2228 691 2292 enim
713 2230 826 2293 teneat
848 2248 963 2293 osusas
985 2250 1094 2294 rerum
1116 2228 1203 2295 lotu-

190 2339 314 2403 rarum,
343 2318 429 2383 idem
457 2337 589 2383 neoassa
616 2319 667 2380 ast
693 2315 804 2381 omnia
831 2320 956 2401 teneat,
986 2338 1068 2402 quaa
1090 2316 1203 2384 futura

191 2408 266 2472 sint.
312 2404 404 2493 Quod
431 2427 505 2472 oum
526 2425 622 2470 nomo
644 2403 752 2469 faeere
772 2403 837 2469 nisi
860 2405 938 2470 deus
960 2405 1079 2490 possit,
1106 2406 1202 2471 rolin·

192 2494 354 2581 quendum
377 2498 428 2560 eat
450 2492 585 2576 homini,
607 2496 644 2557 ut
667 2492 770 2579 signis
794 2493 988 2577 quibusdam
1004 2514 1202 2581 consequen·
1215 2510 1244 2555 rs

191 2585 240 2650 tia
266 2582 508 2649 declarantibus
534 2580 647 2646 futura
671 2582 881 2667 praesentiat.
926 2581 1002 2647 Non
1025 2583 1202 2668 animilia,

192 2694 274 2759 quaa
295 2671 408 2737 futura
430 2673 520 2754 sunt,
547 2669 656 2735 subito
680 2670 854 2755 exsistunt,
881 2671 938 2735 sad
960 2674 1012 2735 est
1034 2671 1128 2755 quasi
1150 2692 1202 2736 ru-

191 2761 298 2826 dentis
321 2758 494 2846 explicatio
518 2756 565 2824 sio
582 2758 744 2824 traduotio
763 2759 923 2844 temporis
938 2758 1022 2823 nihil
1039 2760 1118 2825 novi
1134 2760 1203 2825 effi·

191 2850 307 2916 aientis
339 2852 373 2914 et
402 2847 545 2934 primum
577 2846 717 2932 quidque
749 2847 946 2933 repliaantis.
997 2846 1090 2924 Quod
1117 2851 1150 2913 ot
1176 2848 1202 2913 ii

149 2984 151 2990 ι
191 2938 312 3021 vident,
336 2936 453 3022 quibus
474 2935 636 3001 naturalis
658 2935 815 3001 divinatio
839 2935 916 3002 data
939 2940 998 3020 est,
1020 2940 1054 3001 et
1076 2936 1109 3020 ii,
1132 2936 1245 3022 qui-ao

191 3028 253 3092 bus
280 3046 394 3091 oureus
420 3045 529 3090 rarum
556 3024 758 3090 observando
787 3028 922 3090 notatus
948 3029 1007 3090 est.
1052 3022 1116 3101 Qui
1138 3025 1202 3090 etsi

192 3134 307 3182 causas
333 3113 423 3198 ipsus
449 3133 516 3178 non
542 3116 690 3195 oemunt,
717 3113 814 3198 signa
839 3117 951 3178 tamen
973 3134 1144 3179 causarum
1167 3117 1203 3179 at

191 3207 288 3269 notus
306 3205 455 3285 oemunt3
478 3201 619 3286 adquae
637 3201 787 3266 adhibita
803 3203 960 3268 memoria
978 3205 1012 3267 at
1028 3202 1202 3290 diligentia

193 3294 227 3355 et
249 3290 467 3356 monumentis
491 3289 694 3376 superiorum
712 3289 854 3354 efficitur
871 3311 911 3355 ea
928 3290 1095 3374 divinatio,
1118 3312 1203 3375 queo

193 3377 369 3444 artificiosa
391 3379 521 3463 dieitur,
545 3382 708 3461 extorum,
729 3377 910 3463 fulgorum,
933 3383 1137 3444 ostentorum
1159 3376 1246 3444 si-ar·

141 3477 191 3526 128
207 3484 407 3552 gnorumque
430 3466 627 3534 caelestium.
667 3465 746 3531 Non
762 3470 812 3530 ost
829 3466 940 3550 igitur,
962 3470 1001 3531 ut
1016 3467 1201 3533 mirandum

193 3555 237 3618 sit
259 3551 299 3620 aa
320 3555 514 3642 praesentiri
537 3577 557 3622 a
580 3553 810 3638 divinantibus,
833 3574 915 3638 quoe
937 3574 1099 3638 nusquam
1121 3556 1203 3636 sint3
