2654 3924
399 223 468 278 Lis.
486 225 508 278 1.
527 224 604 278 one.
626 231 667 290 n,
689 229 730 278 rs.
750 229 765 289 s
783 229 897 279 ae-eo.

141 370 251 454 potest
274 390 344 433 esse
363 368 585 453 praestantius
605 389 703 451 quam
721 366 1079 475 despicientemQa
1094 367 1151 431 hu·

142 480 238 522 inane
266 460 299 521 et
326 457 481 521 inferiora
510 455 671 521 seientia
700 455 868 521 dueentem
890 455 973 520 nihil
996 477 1151 539 umquam

141 545 205 609 nisi
228 545 461 629 sempiternum
481 538 513 609 el
533 479 677 609 divinum
695 544 803 609 animo
824 542 829 627 Ι
849 543 1019 609 volutare?
1044 546 1085 624 [p.
1101 560 1150 608 127

142 633 194 698 oui
207 655 398 718 persuasum
418 633 500 698 sita
547 632 641 697 ellari
636 632 1055 734 QQQQEQ
1057 639 1113 721 ,sol
1135 653 1151 696 s

113 742 198 787 aeos
244 743 299 806 qur
331 717 440 787 essent
472 657 569 806 polrlr
600 654 1152 815 prQQ,mQfflffl

141 814 178 875 ut
196 771 636 893 mihiPlntonlflllndss‘efi
653 810 724 894 quis
744 809 826 874 dixit
844 810 937 894 alius,
960 810 1151 896 perelegans
1170 823 1204 871 29

142 920 212 967 esse
239 898 401 983 videatur3
431 920 527 983 quem
554 920 628 964 enm
655 919 694 963 ex
722 898 790 964 alto
818 898 951 984 ignotas
979 898 1020 964 ad
1047 901 1152 962 terras

141 991 320 1073 tempestas
353 992 386 1053 et
417 987 452 1052 in
484 987 647 1052 desertum
679 986 758 1052 litus
790 986 975 1070 detulisset,
1010 986 1153 1051 timenti-

7 1109 12 1118 ·
141 1076 203 1141 bus
226 1076 341 1141 ceteris
364 1079 499 1162 propter
521 1074 762 1162 ignorationem
784 1075 930 1141 locorum
953 1074 1153 1141 animadver-

24 1203 27 1208 -
102 1184 129 1223 ro
143 1165 223 1230 tisse
254 1165 366 1230 dieunt
398 1164 433 1229 in
464 1186 563 1230 arena
596 1163 810 1249 geometricas
841 1163 965 1230 formas
995 1163 1152 1249 quasdam

142 1274 212 1319 esse
231 1252 425 1338 descriptam
444 1252 452 1337 Ι
470 1273 550 1337 quas
569 1256 607 1317 ut
625 1251 769 1335 vidisset,
788 1251 1028 1337 exclamavisse,
1048 1254 1089 1334 [p.
1101 1268 1152 1318 128

140 1346 178 1408 ut
204 1341 291 1408 bono
320 1344 429 1407 essent
456 1342 580 1424 animo,
606 1340 715 1405 videre
743 1340 829 1406 enim
852 1362 887 1406 se
909 1340 1079 1406 hominnm
1100 1363 1153 1407 ve
1219 1400 1227 1447 ,

141 1429 256 1516 stigia3
279 1451 361 1513 quae
379 1430 531 1495 videlicet
548 1429 606 1494 ille
623 1450 690 1494 non
708 1450 747 1493 ex
766 1428 839 1514 agri
857 1429 1031 1513 oonsitura,
1054 1451 1153 1513 quam
1226 1450 1242 1519 q

141 1519 308 1601 cernebat,
344 1517 401 1584 sed
437 1540 476 1583 ex
512 1517 677 1583 doctrinae
707 1516 835 1582 indiciis
867 1517 1153 1602 interpretabatur.

102 1624 128 1665 ¹⁵
143 1605 246 1683 Quam
274 1607 317 1672 ob
345 1628 427 1690 rem,
457 1604 599 1688 Tubero,
630 1626 757 1691 semper
784 1605 866 1670 mihi
895 1610 928 1670 et
951 1604 1098 1671 doctrina
1121 1609 1153 1671 et

142 1695 260 1761 eruditi
283 1694 432 1760 homines
455 1698 488 1759 et
511 1697 569 1759 tua
590 1693 657 1758 ista
679 1693 788 1759 studia
810 1693 1011 1779 placuerunt.
1131 1722 1218 1817 ’τί

208 1783 292 1848 Tum
314 1782 459 1848 Laelius:
486 1781 563 1847 Non
585 1782 686 1847 audeo
711 1781 854 1866 quidem,
876 1782 993 1866 inquit,
1016 1782 1058 1848 ad
1079 1783 1153 1884 ista,
1172 1831 1207 1880 30

142 1869 265 2025 lcipio'
293 1872 411 1956 dioere,
438 1893 543 1956 neque
569 1874 638 1935 tam
665 1875 699 1935 te
727 1875 784 1936 aut
810 1868 943 1935 Philum
972 1875 1028 1936 aut
1051 1871 1154 1936 Mam·
1321 1946 1323 2055 ,

156 1983 238 2029 rum.
276 2009 306 2026 ..

391 2083 631 2166 [Desiderontur
646 2083 784 2166 popinae
805 2084 905 2166 duae]

102 2209 129 2249 ao
215 2189 341 2257 ....in
370 2189 474 2275 ipsius
502 2194 639 2274 paterno
668 2211 786 2275 genere
811 2187 876 2254 fuit
902 2192 1014 2255 noster
1043 2191 1082 2271 [p.
1103 2206 1154 2256 285

142 2280 198 2344 ille
222 2280 354 2364 amicus,
379 2279 496 2365 dignus
519 2277 595 2343 huie
618 2277 659 2343 ad
682 2277 885 2362 imitandum,

185 2385 355 2472 Egregie
375 2384 557 2450 eordatus
576 2383 702 2467 homo,
721 2388 830 2450 oatns
849 2384 985 2450 Aelius
1000 2381 1154 2471 Sextus,
1189 2402 1232 2749 )

144 2491 199 2575 qui
222 2490 396 2577 ‘egregie
415 2488 615 2555 cordatus’
639 2492 672 2554 et
691 2489 834 2555 ‘catus'
851 2489 916 2554 fuit
935 2492 968 2554 et
986 2490 1028 2555 ab
1047 2489 1154 2557 Ennio

144 2580 248 2644 dietus
277 2582 340 2663 est,
370 2600 437 2643 non
464 2577 551 2662 quod
578 2599 617 2642 ea
644 2578 835 2663 quaerebat,
868 2600 949 2662 quae
976 2600 1154 2663 numquam

103 2684 130 2725 as
144 2667 316 2750 inueniret,
348 2665 404 2731 sed
436 2664 523 2750 quod
553 2686 591 2731 ea
620 2666 851 2750 respondebat,
884 2688 966 2751 quae
996 2687 1066 2752 eos,
1098 2668 1154 2751 qui

144 2754 355 2839 quaesissent,
374 2757 406 2818 et
424 2776 502 2819 eura
520 2757 553 2818 et
571 2755 705 2840 negotio
719 2754 893 2838 solverent,
912 2754 1026 2840 cuique
1040 2760 1154 2822 eontra

144 2842 234 2908 Galli
250 2842 358 2907 studia
372 2841 553 2927 disputanti
566 2842 602 2906 in
615 2864 671 2907 ore
685 2863 813 2929 semper
826 2847 898 2909 erat
911 2842 969 2908 ille
980 2844 984 2930 l
996 2843 1035 2907 de
1051 2846 1092 2925 [p.
1101 2860 1153 2910 aas

143 2931 316 3019 Iphigenia
339 2930 498 2996 Achilles:

187 3020 490 3105 Astrologorum
514 3016 626 3104 sigua
648 3018 687 3084 in
709 3020 818 3086 eaelo
840 3017 931 3104 quid
952 3019 1002 3084 fit
1022 3021 1152 3086 obser-

877 3108 1064 3192 tationis,

105 3216 130 3258 ao
188 3196 280 3265 Crim
303 3219 420 3282 capra
442 3199 508 3260 aut
530 3218 628 3281 nepa
651 3200 717 3261 adt
735 3197 909 3262 exoritur
927 3198 1063 3262 nomen
1082 3198 1152 3263 ali·

729 3284 828 3369 quod
849 3285 1064 3350 beluarum!

189 3373 294 3451 Quod
330 3377 389 3438 est
425 3376 516 3441 ante
552 3373 669 3460 pedes
704 3376 813 3439 nemo
850 3377 1017 3458 spectat,
1054 3375 1152 3440 caeli

667 3466 892 3527 scrutantur
914 3462 1064 3548 plagas.

145 3553 253 3637 Atque
272 3550 357 3616 idem
376 3548 531 3638 (multum
548 3551 635 3617 enim
653 3550 748 3615 illum
767 3551 936 3616 audiebam
951 3555 984 3616 et
999 3549 1152 3637 libenter)
