2654 3924
204 186 270 251 212
571 187 620 240 DE
638 186 687 240 RE
705 185 861 241 PUBLICA

202 327 342 399 publicae,
361 344 445 397 quam
463 327 534 383 dicit
551 345 611 383 esse
631 345 689 382 rem
707 344 744 398 po
765 326 814 392 uli,
832 326 969 398 populum
988 328 1082 381 autem
1101 326 1213 380 coetum

202 398 392 454 multitudinis
415 414 551 454 consensu
573 397 643 453 iuris
661 400 692 453 et
708 346 842 452 utditalis
862 396 1056 480 communione
1075 395 1214 451 sociatum

203 473 341 552 (cap.)
295 475 349 536 25).
385 468 494 525 Deinde
513 486 624 525 omnem
642 486 702 524 rem
739 468 875 538 ublioam,
899 468 959 523 sive
977 485 995 523 a
1012 482 1080 538 rege
1099 467 1158 522 sive
1177 467 1213 522 ab

203 541 386 611 optimatibus
413 540 472 596 sive
499 541 570 595 ab
561 559 573 594 1
594 558 624 595 so
647 556 753 610 popo
736 512 1001 609 oadministretur,
1029 537 1147 594 consilio
1172 555 1214 593 re·

202 610 323 694 gendum
341 627 402 667 esse
422 614 525 666 censet.
600 629 628 665 ru
647 611 792 680 interroga
791 612 837 664 tus
855 583 1001 676 1111111,
1011 625 1093 678 quum
1114 609 1149 663 de
1164 608 1212 663 tri·

202 681 254 737 bus
272 681 335 737 istis
354 681 591 738 administrandae
610 681 687 736 illius
705 626 803 736 formis
822 680 958 751 optimam
972 680 1086 747 iudicet,
1105 680 1212 734 nullam

203 768 298 807 earum
316 752 371 807 sibi
390 752 458 807 satis
476 754 568 808 facere
587 751 748 834 respondet,
768 750 817 806 sed
837 754 965 821 quartum
984 750 1125 820 quandam
1142 753 1213 805 tem·

223 825 330 878 eratum
347 825 378 879 et
395 823 581 906 compositam
599 840 634 878 ex
651 822 780 877 omnibus
798 825 870 893 (cap.
886 827 940 891 19).
971 823 1098 878 Instante
1118 823 1213 876 autem

202 842 308 962 Maelio,
325 896 365 962 ut,
385 909 469 964 quam
487 895 522 949 de
540 894 630 949 tribus
644 893 702 948 illis
716 892 970 948 administrationis
984 892 1140 948 rationibus
1154 908 1212 946 ma·

202 964 276 1020 xime
298 965 412 1036 probet,
435 968 532 1035 aperte
549 965 726 1047 profiteatur,
749 964 856 1034 regiam
874 963 990 1033 reliquis
1009 963 1117 1018 duabus
1134 964 1212 1018 aute·

201 1033 284 1105 ponit
306 1052 369 1117 cum
392 1038 547 1091 ceterorum
570 1035 766 1117 plurimorum,
789 1034 876 1089 tum
868 1034 957 1117 ipsius
975 1033 1074 1105 populi
1092 1032 1213 1090 Romani

201 1108 286 1175 etque
310 1105 352 1160 rei
375 1107 405 1161 et
428 1106 598 1161 domesticae
617 1108 648 1161 et
664 1077 784 1161 bellicae
802 1121 855 1187 usu
873 1105 955 1160 unice
975 1105 1211 1171 commendatam

203 1191 371 1245 quamquam
394 1177 569 1232 consilium
561 1195 591 1231 m
610 1176 803 1258 optimatium,
826 1175 856 1230 in
874 1175 1000 1258 populi
992 1174 1110 1246 imperio
1128 1174 1212 1230 liber·

200 1248 289 1302 tatem
309 1246 458 1303 collaudat.
491 1247 618 1318 Denique
636 1246 712 1302 redit
729 1247 765 1329 ad
784 1263 854 1312 eam,
874 1263 957 1316 quam
975 1247 1032 1301 iam
1051 1262 1135 1329 supra
1148 1262 1211 1317 pro·

201 1317 291 1373 fessus
316 1322 371 1387 est,
395 1319 577 1388 senteutiam,
600 1335 688 1389 genus
708 1317 748 1373 rei
766 1316 897 1399 publicae
915 1317 1054 1388 regendae
1073 1317 1212 1388 optimum

201 1388 273 1443 illud
287 1388 342 1444 sibi
354 1388 453 1457 videri,
468 1389 543 1458 quod
556 1390 676 1444 mixtum
690 1388 756 1443 site
770 1387 861 1443 tribus
875 1388 934 1443 illis
947 1388 1104 1459 generibus.
1131 1387 1211 1453 Quod

201 1458 333 1528 quoniam
350 1459 493 1515 Romanae
515 1460 555 1515 rei
598 1459 709 1514 ublicae
728 1459 856 1541 exemplo
874 1458 1017 1515 illustrare
1034 1459 1211 1531 propositum

200 1531 295 1599 habet,
314 1532 405 1599 antea,
424 1533 560 1601 quantum
576 1479 648 1585 daec
666 1529 768 1585 ceteris
785 1531 920 1612 praestet,
939 1529 993 1586 sibi
1007 1529 1210 1585 ostendendum

202 1617 262 1656 esse
286 1574 357 1656 dicit
380 1605 414 1671 (c.
433 1608 502 1658 10-
505 1605 558 1671 46).
596 1601 678 1656 Hunc
700 1602 794 1656 autem
813 1600 939 1656 Africani
957 1601 1073 1684 eiusque
1091 1600 1211 1684 familia·

199 1670 272 1727 rium
291 1688 446 1728 sermonem
461 1671 557 1728 Cicero
577 1671 631 1727 sibi
650 1673 680 1726 et
697 1671 788 1726 amico
807 1671 927 1741 cuidam,
946 1671 992 1727 oui
1010 1688 1080 1742 opus
1094 1671 1210 1742 inscrip-

201 1743 247 1812 sit,
265 1742 385 1799 fortasse
402 1743 509 1811 Attico,
528 1743 661 1813 Smyrnae
680 1741 787 1825 Lepido
803 1741 904 1797 Catulo
923 1758 993 1798 coss.
1012 1758 1129 1797 annea.
1144 1759 1170 1799 ιι
1185 1760 1209 1798 c

201 1820 253 1870 616
272 1813 337 1871 1Ρ
351 1814 459 1868 Rutilio
477 1786 538 1884 illo,
556 1813 605 1883 qui
623 1813 745 1869 sermoni
763 1812 936 1884 interfuerat,
954 1813 1089 1869 traditum
1106 1815 1209 1868 narrat

251 2064 527 2146 [Desiderantur
513 2086 549 2130 11
571 2067 633 2129 eod
662 2064 811 2131 Vaticano
828 2066 965 2148 1111111
987 2064 1115 2130 XXXI
1116 2066 1164 2148 V]

166 2169 267 2295 leod
285 2217 313 2269 p.
333 2192 464 2270 13].
519 2190 699 2273 ..impetu
722 2188 964 2273 liberavissent,
987 2185 1103 2255 nccC.
1125 2189 1209 2255 Due-

166 2237 1209 2364 111ιι1,Α.ι1111111,Ιι.Μ11111111111111Κ1111ι131ιι11,ιιιιιι

200 2365 263 2431 duo
291 2363 457 2452 Scipiones
486 2365 593 2431 oriens
622 2364 805 2431 incendium
834 2365 914 2430 belli
936 2363 1051 2432 Punici
1078 2366 1209 2432 secundi

200 2455 358 2541 sanguine
385 2475 444 2519 suo
471 2453 711 2537 restinxissent,
737 2475 798 2520 nec
824 2453 859 2519 id
881 2454 1058 2520 excitatum
1080 2455 1209 2521 maiori·

199 2543 260 2608 bus
288 2542 390 2630 copiis
413 2546 470 2608 aut
493 2541 529 2619 Q.
552 2541 713 2608 Maximus
737 2542 957 2609 enervavisset
980 2547 1037 2608 aut
1058 2542 1101 2609 Μ.
1124 2544 1209 2610 Mar·
1236 2559 1248 2599 ⁶

199 2631 300 2697 celius
328 2630 529 2699 contudisset
556 2635 613 2696 aut
642 2655 661 2696 a
688 2632 794 2718 portis
822 2631 918 2705 huius
945 2631 1036 2697 urbis
1060 2634 1208 2699 avolsum

198 2720 234 2786 P.
243 2719 418 2787 Africanus
432 2720 643 2806 compulisset
656 2720 744 2786 intra
757 2719 901 2786 hostium
916 2720 1051 2786 moenia.
1074 2719 1117 2786 M.
1131 2744 1208 2788 vero

198 2838 226 2890 p.
245 2812 293 2890 14]
318 2807 443 2893 Catoni,
462 2808 587 2875 homini
605 2809 720 2895 ignoto
739 2813 772 2875 ct
789 2830 884 2891 novo,
903 2830 967 2893 quo
986 2831 1106 2894 omnes,
1126 2811 1132 2895 Ι
1153 2810 1208 2896 qui

198 2897 301 2963 isdem
323 2899 420 2963 rebus
444 2898 619 2981 studemus
642 2897 736 2981 quasi
758 2897 935 2982 exemplari
954 2897 996 2963 ad
1013 2898 1207 2964 industriam

198 2986 418 3071 virtutemque
445 2985 603 3069 ducimur,
631 2989 717 3051 certe
745 2985 838 3051 licuit
861 2984 992 3051 Tusculi
1019 3007 1054 3052 se
1080 2987 1115 3052 in
1139 2987 1207 3053 otio
1223 3002 1248 3042 ¹⁰

199 3074 359 3140 delectare
390 3074 514 3140 salubri
544 3078 577 3139 et
603 3073 786 3160 propinquo
813 3075 894 3140 loco.
939 3071 1003 3140 Sed
1028 3073 1128 3141 homo
1157 3075 1208 3143 de-

95 3234 97 3237 ,
198 3184 299 3264 mens,
317 3166 354 3227 ut
371 3162 430 3228 isti
447 3166 573 3248 putant,
592 3183 665 3228 cum
679 3166 810 3249 cogeret
829 3184 902 3228 eum
915 3163 1055 3229 neoessit
1040 3167 1093 3230 tas
1106 3165 1207 3250 nulle,

197 3251 233 3314 in
254 3251 306 3315 his
329 3250 423 3315 undis
447 3255 480 3315 et
498 3251 749 3336 tempestatibus
768 3251 809 3316 ad
828 3271 988 3317 summam
1007 3257 1207 3319 senectutem

198 3339 315 3404 maluit
341 3338 457 3403 iactari
486 3360 583 3422 quam
610 3340 646 3403 in
667 3338 728 3404 illa
749 3339 991 3423 tranquillitate
1015 3345 1113 3426 atque
1137 3342 1206 3408 otio

196 3425 562 3492 iucundissimevrvere.
599 3425 724 3492 Omitto
743 3427 989 3493 innumerabilis
1008 3430 1107 3513 viros,
1130 3446 1245 3530 quo-1⁵

196 3542 223 3596 p.
239 3517 286 3598 11]
305 3537 378 3580 rum
397 3513 517 3602 singuli
538 3514 637 3580 saluti
654 3514 775 3582 huic
748 3516 810 3581 civi
812 3515 874 3580 tati
894 3514 899 3599 Ι
918 3515 1111 3601 fuerunt,t
1078 3521 1111 3582 et
1130 3518 1206 3600 quia
