<?xml version="1.0" encoding="UTF-8"?>
<!DOCTYPE html PUBLIC "-//W3C//DTD XHTML 1.0 Transitional//EN"
    "http://www.w3.org/TR/xhtml1/DTD/xhtml1-transitional.dtd">
<html xmlns="http://www.w3.org/1999/xhtml" xml:lang="en" lang="en">
 <head>
  <title>
</title>
<meta http-equiv="Content-Type" content="text/html;charset=utf-8" />
  <meta name='ocr-system' content='tesseract 3.04.00' />
  <meta name='ocr-capabilities' content='ocr_page ocr_carea ocr_par ocr_line ocrx_word'/>
</head>
<body>
  <div class='ocr_page' id='page_1' title='image "./mtulliiciceroni00salegoog_0246.png"; bbox 0 0 2652 3920; ppageno 0'>
   <div class='ocr_carea' id='block_1_1' title="bbox 317 181 1135 252">
    <p class='ocr_par' dir='ltr' id='par_1_1' title="bbox 317 181 1135 252">
     <span class='ocr_line' id='line_1_1' title="bbox 317 181 1135 252; baseline 0.013 -15"><span class='ocrx_word' id='word_1_1' title='bbox 317 184 323 189; x_wconf 86' lang='lat'>·</span> <span class='ocrx_word' id='word_1_2' title='bbox 354 184 463 242; x_wconf 53' lang='lat' dir='ltr'><strong>nme</strong></span> <span class='ocrx_word' id='word_1_3' title='bbox 487 183 565 242; x_wconf 73' lang='lat' dir='ltr'><strong>cer.</strong></span> <span class='ocrx_word' id='word_1_4' title='bbox 583 189 696 242; x_wconf 80' lang='lat' dir='ltr'><strong>sa-sv.</strong></span> <span class='ocrx_word' id='word_1_5' title='bbox 715 190 731 252; x_wconf 68' lang='lat' dir='ltr'><strong>a</strong></span> <span class='ocrx_word' id='word_1_6' title='bbox 750 188 899 240; x_wconf 82' lang='lat' dir='ltr'><strong>rae-rso.</strong></span> <span class='ocrx_word' id='word_1_7' title='bbox 1070 181 1135 248; x_wconf 76' lang='lat'><strong>193</strong></span> 
     </span>
    </p>
   </div>
   <div class='ocr_carea' id='block_1_2' title="bbox 88 326 1317 3070">
    <p class='ocr_par' dir='ltr' id='par_1_2' title="bbox 124 326 1135 660">
     <span class='ocr_line' id='line_1_2' title="bbox 124 326 1135 414; baseline -0.003 -19"><span class='ocrx_word' id='word_1_8' title='bbox 124 333 201 395; x_wconf 88' lang='lat' dir='ltr'><strong>sunt</strong></span> <span class='ocrx_word' id='word_1_9' title='bbox 223 328 310 395; x_wconf 89' lang='lat' dir='ltr'><strong>enim</strong></span> <span class='ocrx_word' id='word_1_10' title='bbox 333 328 457 413; x_wconf 87' lang='lat' dir='ltr'><strong>omnia,</strong></span> <span class='ocrx_word' id='word_1_11' title='bbox 486 327 544 394; x_wconf 91' lang='lat' dir='ltr'><strong>sed</strong></span> <span class='ocrx_word' id='word_1_12' title='bbox 564 331 712 414; x_wconf 89' lang='lat' dir='ltr'><strong>tempore</strong></span> <span class='ocrx_word' id='word_1_13' title='bbox 735 327 863 394; x_wconf 82' lang='lat' dir='ltr'><strong>absunt.</strong></span> <span class='ocrx_word' id='word_1_14' title='bbox 908 326 1019 413; x_wconf 79' lang='lat' dir='ltr'><strong>Atque</strong></span> <span class='ocrx_word' id='word_1_15' title='bbox 1040 327 1135 394; x_wconf 91' lang='lat' dir='ltr'><strong>utin</strong></span> 
     </span>
     <span class='ocr_line' id='line_1_3' title="bbox 125 415 1135 502; baseline -0.003 -18"><span class='ocrx_word' id='word_1_16' title='bbox 125 417 304 484; x_wconf 87' lang='lat' dir='ltr'><strong>seminibus</strong></span> <span class='ocrx_word' id='word_1_17' title='bbox 330 417 381 483; x_wconf 88' lang='lat' dir='ltr'><strong>vis</strong></span> <span class='ocrx_word' id='word_1_18' title='bbox 404 417 490 482; x_wconf 90' lang='lat' dir='ltr'><strong>inest</strong></span> <span class='ocrx_word' id='word_1_19' title='bbox 512 438 624 484; x_wconf 83' lang='lat' dir='ltr'><strong>aarum</strong></span> <span class='ocrx_word' id='word_1_20' title='bbox 646 438 768 501; x_wconf 90' lang='lat' dir='ltr'><strong>rerum,</strong></span> <span class='ocrx_word' id='word_1_21' title='bbox 796 437 879 501; x_wconf 88' lang='lat' dir='ltr'><strong>quae</strong></span> <span class='ocrx_word' id='word_1_22' title='bbox 901 437 940 482; x_wconf 86' lang='lat' dir='ltr'><strong>ex</strong></span> <span class='ocrx_word' id='word_1_23' title='bbox 963 415 1004 482; x_wconf 89' lang='lat' dir='ltr'><strong>iis</strong></span> <span class='ocrx_word' id='word_1_24' title='bbox 1026 415 1135 502; x_wconf 81' lang='lat' dir='ltr'><strong>progi-</strong></span> 
     </span>
     <span class='ocr_line' id='line_1_4' title="bbox 125 503 1134 593; baseline -0.003 -21"><span class='ocrx_word' id='word_1_25' title='bbox 125 510 279 593; x_wconf 81' lang='lat' dir='ltr'><strong>gnuntur,</strong></span> <span class='ocrx_word' id='word_1_26' title='bbox 301 504 349 571; x_wconf 91' lang='lat' dir='ltr'><strong>sic</strong></span> <span class='ocrx_word' id='word_1_27' title='bbox 371 505 407 570; x_wconf 89' lang='lat' dir='ltr'><strong>in</strong></span> <span class='ocrx_word' id='word_1_28' title='bbox 428 504 534 571; x_wconf 88' lang='lat' dir='ltr'><strong>causis</strong></span> <span class='ocrx_word' id='word_1_29' title='bbox 557 504 705 571; x_wconf 85' lang='lat' dir='ltr'><strong>conditae</strong></span> <span class='ocrx_word' id='word_1_30' title='bbox 728 508 805 571; x_wconf 89' lang='lat' dir='ltr'><strong>sunt</strong></span> <span class='ocrx_word' id='word_1_31' title='bbox 822 526 875 571; x_wconf 87' lang='lat' dir='ltr'><strong>res</strong></span> <span class='ocrx_word' id='word_1_32' title='bbox 891 503 1030 589; x_wconf 78' lang='lat' dir='ltr'><strong>futurae,</strong></span> <span class='ocrx_word' id='word_1_33' title='bbox 1053 525 1134 590; x_wconf 87' lang='lat' dir='ltr'><strong>quas</strong></span> 
     </span>
     <span class='ocr_line' id='line_1_5' title="bbox 125 593 1134 660; baseline -0.001 0"><span class='ocrx_word' id='word_1_34' title='bbox 125 616 196 660; x_wconf 89' lang='lat' dir='ltr'><strong>esse</strong></span> <span class='ocrx_word' id='word_1_35' title='bbox 227 593 356 659; x_wconf 82' lang='lat' dir='ltr'><strong>futuras</strong></span> <span class='ocrx_word' id='word_1_36' title='bbox 389 596 447 659; x_wconf 89' lang='lat' dir='ltr'><strong>aut</strong></span> <span class='ocrx_word' id='word_1_37' title='bbox 478 593 641 660; x_wconf 88' lang='lat' dir='ltr'><strong>concitata</strong></span> <span class='ocrx_word' id='word_1_38' title='bbox 671 614 763 659; x_wconf 87' lang='lat' dir='ltr'><strong>mens</strong></span> <span class='ocrx_word' id='word_1_39' title='bbox 795 595 853 659; x_wconf 89' lang='lat' dir='ltr'><strong>aut</strong></span> <span class='ocrx_word' id='word_1_40' title='bbox 883 593 993 659; x_wconf 89' lang='lat' dir='ltr'><strong>soluta</strong></span> <span class='ocrx_word' id='word_1_41' title='bbox 1020 614 1134 660; x_wconf 90' lang='lat' dir='ltr'><strong>somno</strong></span> 
     </span>
    </p>

    <p class='ocr_par' dir='ltr' id='par_1_3' title="bbox 98 679 1136 1122">
     <span class='ocr_line' id='line_1_6' title="bbox 98 679 1136 768; baseline 0.001 -24"><span class='ocrx_word' id='word_1_42' title='bbox 98 683 229 750; x_wconf 85' lang='lat' dir='ltr'><strong>scernit</strong></span> <span class='ocrx_word' id='word_1_43' title='bbox 256 685 314 748; x_wconf 88' lang='lat' dir='ltr'><strong>aut</strong></span> <span class='ocrx_word' id='word_1_44' title='bbox 336 681 422 749; x_wconf 86' lang='lat' dir='ltr'><strong>ratio</strong></span> <span class='ocrx_word' id='word_1_45' title='bbox 446 686 504 748; x_wconf 88' lang='lat' dir='ltr'><strong>aut</strong></span> <span class='ocrx_word' id='word_1_46' title='bbox 525 681 710 748; x_wconf 87' lang='lat' dir='ltr'><strong>coniectura</strong></span> <span class='ocrx_word' id='word_1_47' title='bbox 731 680 921 768; x_wconf 73' lang='lat' dir='ltr'><strong>praesentit.</strong></span> <span class='ocrx_word' id='word_1_48' title='bbox 965 679 1076 767; x_wconf 80' lang='lat' dir='ltr'><strong>Atque</strong></span> <span class='ocrx_word' id='word_1_49' title='bbox 1097 683 1136 746; x_wconf 91' lang='lat' dir='ltr'><strong>ut</strong></span> 
     </span>
     <span class='ocr_line' id='line_1_7' title="bbox 125 769 1136 856; baseline -0.001 -20"><span class='ocrx_word' id='word_1_50' title='bbox 125 771 165 856; x_wconf 90' lang='lat' dir='ltr'><strong>ii,</strong></span> <span class='ocrx_word' id='word_1_51' title='bbox 197 771 253 856; x_wconf 91' lang='lat' dir='ltr'><strong>qui</strong></span> <span class='ocrx_word' id='word_1_52' title='bbox 285 770 364 837; x_wconf 90' lang='lat' dir='ltr'><strong>solis</strong></span> <span class='ocrx_word' id='word_1_53' title='bbox 392 775 425 836; x_wconf 89' lang='lat' dir='ltr'><strong>et</strong></span> <span class='ocrx_word' id='word_1_54' title='bbox 452 770 548 836; x_wconf 87' lang='lat' dir='ltr'><strong>lunae</strong></span> <span class='ocrx_word' id='word_1_55' title='bbox 574 770 839 856; x_wconf 89' lang='lat' dir='ltr'><strong>reliquorumque</strong></span> <span class='ocrx_word' id='word_1_56' title='bbox 866 769 1007 837; x_wconf 89' lang='lat' dir='ltr'><strong>siderum</strong></span> <span class='ocrx_word' id='word_1_57' title='bbox 1035 773 1136 853; x_wconf 86' lang='lat' dir='ltr'><strong>ortus,</strong></span> 
     </span>
     <span class='ocr_line' id='line_1_8' title="bbox 126 858 1136 946; baseline -0.005 -19"><span class='ocrx_word' id='word_1_58' title='bbox 126 858 235 927; x_wconf 85' lang='lat' dir='ltr'><strong>obitus</strong></span> <span class='ocrx_word' id='word_1_59' title='bbox 258 862 430 945; x_wconf 86' lang='lat' dir='ltr'><strong>motusque</strong></span> <span class='ocrx_word' id='word_1_60' title='bbox 453 862 645 946; x_wconf 81' lang='lat' dir='ltr'><strong>cognorunt,</strong></span> <span class='ocrx_word' id='word_1_61' title='bbox 667 879 733 944; x_wconf 89' lang='lat' dir='ltr'><strong>quo</strong></span> <span class='ocrx_word' id='word_1_62' title='bbox 755 858 896 945; x_wconf 90' lang='lat' dir='ltr'><strong>quidque</strong></span> <span class='ocrx_word' id='word_1_63' title='bbox 917 862 1065 943; x_wconf 91' lang='lat' dir='ltr'><strong>tempore</strong></span> <span class='ocrx_word' id='word_1_64' title='bbox 1085 878 1136 923; x_wconf 80' lang='lat' dir='ltr'><strong>eo</strong></span> 
     </span>
     <span class='ocr_line' id='line_1_9' title="bbox 125 945 1136 1033; baseline -0.004 -18"><span class='ocrx_word' id='word_1_65' title='bbox 125 970 198 1015; x_wconf 88' lang='lat' dir='ltr'><strong>rum</strong></span> <span class='ocrx_word' id='word_1_66' title='bbox 220 946 368 1014; x_wconf 81' lang='lat' dir='ltr'><strong>futurum</strong></span> <span class='ocrx_word' id='word_1_67' title='bbox 391 946 444 1031; x_wconf 91' lang='lat' dir='ltr'><strong>sit,</strong></span> <span class='ocrx_word' id='word_1_68' title='bbox 467 947 571 1013; x_wconf 91' lang='lat' dir='ltr'><strong>multo</strong></span> <span class='ocrx_word' id='word_1_69' title='bbox 594 951 671 1014; x_wconf 87' lang='lat' dir='ltr'><strong>ante</strong></span> <span class='ocrx_word' id='word_1_70' title='bbox 693 946 892 1033; x_wconf 89' lang='lat' dir='ltr'><strong>praedicunt,</strong></span> <span class='ocrx_word' id='word_1_71' title='bbox 914 946 970 1031; x_wconf 90' lang='lat' dir='ltr'><strong>sie,</strong></span> <span class='ocrx_word' id='word_1_72' title='bbox 993 945 1050 1032; x_wconf 89' lang='lat' dir='ltr'><strong>qui</strong></span> <span class='ocrx_word' id='word_1_73' title='bbox 1068 967 1136 1012; x_wconf 91' lang='lat' dir='ltr'><strong>cur·</strong></span> 
     </span>
     <span class='ocr_line' id='line_1_10' title="bbox 127 1035 1136 1122; baseline -0.003 -20"><span class='ocrx_word' id='word_1_74' title='bbox 127 1058 199 1102; x_wconf 90' lang='lat' dir='ltr'><strong>sum</strong></span> <span class='ocrx_word' id='word_1_75' title='bbox 227 1057 336 1101; x_wconf 89' lang='lat' dir='ltr'><strong>rerum</strong></span> <span class='ocrx_word' id='word_1_76' title='bbox 359 1039 613 1119; x_wconf 76' lang='lat' dir='ltr'><strong>eventorumque</strong></span> <span class='ocrx_word' id='word_1_77' title='bbox 635 1035 900 1122; x_wconf 87' lang='lat' dir='ltr'><strong>consequentiam</strong></span> <span class='ocrx_word' id='word_1_78' title='bbox 922 1035 1136 1101; x_wconf 83' lang='lat' dir='ltr'><strong>diuturnitate</strong></span> 
     </span>
    </p>

    <p class='ocr_par' dir='ltr' id='par_1_4' title="bbox 88 1122 1137 1561">
     <span class='ocr_line' id='line_1_11' title="bbox 88 1122 1136 1210; baseline 0.003 -25"><span class='ocrx_word' id='word_1_79' title='bbox 88 1147 112 1186; x_wconf 85' lang='grc' dir='ltr'><strong>ιο</strong></span> <span class='ocrx_word' id='word_1_80' title='bbox 126 1128 328 1210; x_wconf 86' lang='lat' dir='ltr'><strong>pertractata</strong></span> <span class='ocrx_word' id='word_1_81' title='bbox 349 1127 555 1208; x_wconf 89' lang='lat' dir='ltr'><strong>notaverunt,</strong></span> <span class='ocrx_word' id='word_1_82' title='bbox 579 1128 637 1190; x_wconf 89' lang='lat' dir='ltr'><strong>aut</strong></span> <span class='ocrx_word' id='word_1_83' title='bbox 658 1145 787 1209; x_wconf 83' lang='lat' dir='ltr'><strong>semper</strong></span> <span class='ocrx_word' id='word_1_84' title='bbox 809 1128 875 1208; x_wconf 91' lang='lat' dir='ltr'><strong>aut,</strong></span> <span class='ocrx_word' id='word_1_85' title='bbox 898 1123 926 1188; x_wconf 91' lang='lat' dir='ltr'><strong>si</strong></span> <span class='ocrx_word' id='word_1_86' title='bbox 948 1122 983 1189; x_wconf 94' lang='lat' dir='ltr'><strong>id</strong></span> <span class='ocrx_word' id='word_1_87' title='bbox 1005 1122 1136 1189; x_wconf 90' lang='lat' dir='ltr'><strong>difficile</strong></span> 
     </span>
     <span class='ocr_line' id='line_1_12' title="bbox 127 1210 1137 1299; baseline -0.003 -20"><span class='ocrx_word' id='word_1_88' title='bbox 127 1218 187 1297; x_wconf 89' lang='lat' dir='ltr'><strong>est,</strong></span> <span class='ocrx_word' id='word_1_89' title='bbox 209 1213 415 1299; x_wconf 89' lang='lat' dir='ltr'><strong>plerumque,</strong></span> <span class='ocrx_word' id='word_1_90' title='bbox 441 1212 557 1298; x_wconf 87' lang='lat' dir='ltr'><strong>quodsi</strong></span> <span class='ocrx_word' id='word_1_91' title='bbox 579 1233 619 1276; x_wconf 89' lang='lat' dir='ltr'><strong>ne</strong></span> <span class='ocrx_word' id='word_1_92' title='bbox 641 1210 676 1277; x_wconf 95' lang='lat' dir='ltr'><strong>id</strong></span> <span class='ocrx_word' id='word_1_93' title='bbox 698 1211 827 1298; x_wconf 91' lang='lat' dir='ltr'><strong>quidem</strong></span> <span class='ocrx_word' id='word_1_94' title='bbox 850 1211 1048 1296; x_wconf 85' lang='lat' dir='ltr'><strong>conceditur,</strong></span> <span class='ocrx_word' id='word_1_95' title='bbox 1071 1233 1137 1277; x_wconf 89' lang='lat' dir='ltr'><strong>non</strong></span> 
     </span>
     <span class='ocr_line' id='line_1_13' title="bbox 126 1298 1137 1387; baseline -0.003 -20"><span class='ocrx_word' id='word_1_96' title='bbox 126 1323 304 1387; x_wconf 81' lang='lat' dir='ltr'><strong>numquam</strong></span> <span class='ocrx_word' id='word_1_97' title='bbox 328 1304 423 1386; x_wconf 87' lang='lat' dir='ltr'><strong>certe,</strong></span> <span class='ocrx_word' id='word_1_98' title='bbox 446 1300 524 1386; x_wconf 92' lang='lat' dir='ltr'><strong>quid</strong></span> <span class='ocrx_word' id='word_1_99' title='bbox 545 1299 692 1366; x_wconf 86' lang='lat' dir='ltr'><strong>futurum</strong></span> <span class='ocrx_word' id='word_1_100' title='bbox 711 1300 764 1385; x_wconf 89' lang='lat' dir='ltr'><strong>sit,</strong></span> <span class='ocrx_word' id='word_1_101' title='bbox 785 1299 990 1387; x_wconf 83' lang='lat' dir='ltr'><strong>intellegunt.</strong></span> <span class='ocrx_word' id='word_1_102' title='bbox 1026 1298 1137 1385; x_wconf 79' lang='lat' dir='ltr'><strong>Atque</strong></span> 
     </span>
     <span class='ocr_line' id='line_1_14' title="bbox 127 1388 1137 1476; baseline -0.002 -21"><span class='ocrx_word' id='word_1_103' title='bbox 127 1390 207 1456; x_wconf 85' lang='lat' dir='ltr'><strong>haec</strong></span> <span class='ocrx_word' id='word_1_104' title='bbox 240 1389 370 1475; x_wconf 91' lang='lat' dir='ltr'><strong>quidem</strong></span> <span class='ocrx_word' id='word_1_105' title='bbox 400 1393 434 1458; x_wconf 90' lang='lat' dir='ltr'><strong>et</strong></span> <span class='ocrx_word' id='word_1_106' title='bbox 461 1388 621 1475; x_wconf 85' lang='lat' dir='ltr'><strong>quaedem</strong></span> <span class='ocrx_word' id='word_1_107' title='bbox 648 1388 790 1454; x_wconf 86' lang='lat' dir='ltr'><strong>eiusdem</strong></span> <span class='ocrx_word' id='word_1_108' title='bbox 818 1388 907 1456; x_wconf 91' lang='lat' dir='ltr'><strong>modi</strong></span> <span class='ocrx_word' id='word_1_109' title='bbox 935 1392 1137 1476; x_wconf 81' lang='lat' dir='ltr'><strong>argumenta,</strong></span> 
     </span>
     <span class='ocr_line' id='line_1_15' title="bbox 128 1476 768 1561; baseline 0 -17"><span class='ocrx_word' id='word_1_110' title='bbox 128 1500 185 1544; x_wconf 90' lang='lat' dir='ltr'><strong>cur</strong></span> <span class='ocrx_word' id='word_1_111' title='bbox 208 1478 252 1543; x_wconf 91' lang='lat' dir='ltr'><strong>sit</strong></span> <span class='ocrx_word' id='word_1_112' title='bbox 275 1477 442 1561; x_wconf 88' lang='lat' dir='ltr'><strong>divinatio,</strong></span> <span class='ocrx_word' id='word_1_113' title='bbox 465 1478 624 1543; x_wconf 88' lang='lat' dir='ltr'><strong>ducuntur</strong></span> <span class='ocrx_word' id='word_1_114' title='bbox 647 1499 668 1543; x_wconf 92' lang='lat' dir='ltr'><strong>a</strong></span> <span class='ocrx_word' id='word_1_115' title='bbox 688 1476 768 1544; x_wconf 86' lang='lat' dir='ltr'><strong>fato.</strong></span> 
     </span>
    </p>

    <p class='ocr_par' dir='ltr' id='par_1_5' title="bbox 89 1541 1317 2006">
     <span class='ocr_line' id='line_1_16' title="bbox 89 1541 1317 1670; baseline 0.002 -42"><span class='ocrx_word' id='word_1_116' title='bbox 89 1588 114 1628; x_wconf 77' lang='lat'><strong>1⁵</strong></span> <span class='ocrx_word' id='word_1_117' title='bbox 194 1567 367 1633; x_wconf 83' lang='lat' dir='ltr'><strong>Anatura</strong></span> <span class='ocrx_word' id='word_1_118' title='bbox 390 1569 498 1632; x_wconf 86' lang='lat' dir='ltr'><strong>autem</strong></span> <span class='ocrx_word' id='word_1_119' title='bbox 522 1566 588 1631; x_wconf 88' lang='lat' dir='ltr'><strong>alia</strong></span> <span class='ocrx_word' id='word_1_120' title='bbox 611 1564 769 1651; x_wconf 85' lang='lat' dir='ltr'><strong>quaedam</strong></span> <span class='ocrx_word' id='word_1_121' title='bbox 791 1565 877 1632; x_wconf 89' lang='lat' dir='ltr'><strong>ratio</strong></span> <span class='ocrx_word' id='word_1_122' title='bbox 901 1568 960 1651; x_wconf 91' lang='lat' dir='ltr'><strong>est,</strong></span> <span class='ocrx_word' id='word_1_123' title='bbox 983 1541 1191 1670; x_wconf 64' lang='lat' dir='ltr'><strong>quaeda-152}</strong></span> <span class='ocrx_word' id='word_1_124' title='bbox 1316 1582 1317 1591; x_wconf 64' lang='lat'><em>²</em></span> 
     </span>
     <span class='ocr_line' id='line_1_17' title="bbox 129 1653 1138 1741; baseline -0.003 -19"><span class='ocrx_word' id='word_1_125' title='bbox 129 1661 189 1741; x_wconf 91' lang='lat' dir='ltr'><strong>cet,</strong></span> <span class='ocrx_word' id='word_1_126' title='bbox 212 1659 336 1740; x_wconf 89' lang='lat' dir='ltr'><strong>quanta</strong></span> <span class='ocrx_word' id='word_1_127' title='bbox 359 1654 403 1720; x_wconf 87' lang='lat' dir='ltr'><strong>sit</strong></span> <span class='ocrx_word' id='word_1_128' title='bbox 425 1654 597 1720; x_wconf 81' lang='lat' dir='ltr'><strong>animi&#39;vis</strong></span> <span class='ocrx_word' id='word_1_129' title='bbox 615 1654 761 1720; x_wconf 88' lang='lat' dir='ltr'><strong>seiuncta</strong></span> <span class='ocrx_word' id='word_1_130' title='bbox 779 1676 799 1720; x_wconf 90' lang='lat' dir='ltr'><strong>a</strong></span> <span class='ocrx_word' id='word_1_131' title='bbox 817 1653 962 1740; x_wconf 88' lang='lat' dir='ltr'><strong>corporis</strong></span> <span class='ocrx_word' id='word_1_132' title='bbox 981 1653 1138 1736; x_wconf 80' lang='lat' dir='ltr'><strong>sensibus,</strong></span> 
     </span>
     <span class='ocr_line' id='line_1_18' title="bbox 130 1741 1138 1831; baseline -0.003 -22"><span class='ocrx_word' id='word_1_133' title='bbox 130 1743 216 1831; x_wconf 88' lang='lat' dir='ltr'><strong>quod</strong></span> <span class='ocrx_word' id='word_1_134' title='bbox 243 1742 383 1809; x_wconf 89' lang='lat' dir='ltr'><strong>maxime</strong></span> <span class='ocrx_word' id='word_1_135' title='bbox 410 1742 572 1830; x_wconf 82' lang='lat' dir='ltr'><strong>contingit</strong></span> <span class='ocrx_word' id='word_1_136' title='bbox 599 1745 657 1808; x_wconf 88' lang='lat' dir='ltr'><strong>sut</strong></span> <span class='ocrx_word' id='word_1_137' title='bbox 684 1741 919 1810; x_wconf 87' lang='lat' dir='ltr'><strong>dormientibus</strong></span> <span class='ocrx_word' id='word_1_138' title='bbox 946 1746 1004 1811; x_wconf 89' lang='lat' dir='ltr'><strong>aut</strong></span> <span class='ocrx_word' id='word_1_139' title='bbox 1030 1746 1138 1808; x_wconf 90' lang='lat' dir='ltr'><strong>mente</strong></span> 
     </span>
     <span class='ocr_line' id='line_1_19' title="bbox 129 1830 1139 1919; baseline -0.002 -21"><span class='ocrx_word' id='word_1_140' title='bbox 129 1832 297 1919; x_wconf 87' lang='lat' dir='ltr'><strong>permotis.</strong></span> <span class='ocrx_word' id='word_1_141' title='bbox 340 1830 389 1898; x_wconf 93' lang='lat' dir='ltr'><strong>Ut</strong></span> <span class='ocrx_word' id='word_1_142' title='bbox 420 1832 506 1897; x_wconf 89' lang='lat' dir='ltr'><strong>enim</strong></span> <span class='ocrx_word' id='word_1_143' title='bbox 536 1832 669 1897; x_wconf 87' lang='lat' dir='ltr'><strong>deorum</strong></span> <span class='ocrx_word' id='word_1_144' title='bbox 698 1831 798 1896; x_wconf 91' lang='lat' dir='ltr'><strong>animi</strong></span> <span class='ocrx_word' id='word_1_145' title='bbox 824 1830 894 1897; x_wconf 92' lang='lat' dir='ltr'><strong>sine</strong></span> <span class='ocrx_word' id='word_1_146' title='bbox 921 1831 1037 1916; x_wconf 88' lang='lat' dir='ltr'><strong>oculis,</strong></span> <span class='ocrx_word' id='word_1_147' title='bbox 1069 1831 1139 1896; x_wconf 90' lang='lat' dir='ltr'><strong>sine</strong></span> 
     </span>
     <span class='ocr_line' id='line_1_20' title="bbox 131 1918 1139 2006; baseline -0.002 -20"><span class='ocrx_word' id='word_1_148' title='bbox 131 1921 277 2005; x_wconf 88' lang='lat' dir='ltr'><strong>auribus,</strong></span> <span class='ocrx_word' id='word_1_149' title='bbox 307 1920 377 1985; x_wconf 86' lang='lat' dir='ltr'><strong>sine</strong></span> <span class='ocrx_word' id='word_1_150' title='bbox 406 1919 521 2006; x_wconf 78' lang='lat' dir='ltr'><strong>lingua</strong></span> <span class='ocrx_word' id='word_1_151' title='bbox 549 1920 695 1985; x_wconf 90' lang='lat' dir='ltr'><strong>sentiunt</strong></span> <span class='ocrx_word' id='word_1_152' title='bbox 716 1919 802 1985; x_wconf 87' lang='lat' dir='ltr'><strong>inter</strong></span> <span class='ocrx_word' id='word_1_153' title='bbox 825 1940 873 2005; x_wconf 92' lang='lat' dir='ltr'><strong>se,</strong></span> <span class='ocrx_word' id='word_1_154' title='bbox 903 1919 980 2005; x_wconf 88' lang='lat' dir='ltr'><strong>quid</strong></span> <span class='ocrx_word' id='word_1_155' title='bbox 1003 1918 1139 2006; x_wconf 85' lang='lat' dir='ltr'><strong>quisque</strong></span> 
     </span>
    </p>

    <p class='ocr_par' dir='ltr' id='par_1_6' title="bbox 89 2006 1195 2448">
     <span class='ocr_line' id='line_1_21' title="bbox 89 2006 1140 2095; baseline 0.003 -24"><span class='ocrx_word' id='word_1_156' title='bbox 89 2031 117 2071; x_wconf 78' lang='lat' dir='ltr'><strong>se</strong></span> <span class='ocrx_word' id='word_1_157' title='bbox 132 2010 262 2094; x_wconf 88' lang='lat' dir='ltr'><strong>sentiat,</strong></span> <span class='ocrx_word' id='word_1_158' title='bbox 283 2006 336 2094; x_wconf 86' lang='lat' dir='ltr'><strong>(ex</strong></span> <span class='ocrx_word' id='word_1_159' title='bbox 360 2030 423 2093; x_wconf 91' lang='lat' dir='ltr'><strong>quo</strong></span> <span class='ocrx_word' id='word_1_160' title='bbox 446 2009 494 2093; x_wconf 90' lang='lat' dir='ltr'><strong>fit,</strong></span> <span class='ocrx_word' id='word_1_161' title='bbox 516 2010 555 2074; x_wconf 88' lang='lat' dir='ltr'><strong>ut</strong></span> <span class='ocrx_word' id='word_1_162' title='bbox 576 2007 733 2093; x_wconf 87' lang='lat' dir='ltr'><strong>homines,</strong></span> <span class='ocrx_word' id='word_1_163' title='bbox 756 2007 855 2074; x_wconf 88' lang='lat' dir='ltr'><strong>etiam</strong></span> <span class='ocrx_word' id='word_1_164' title='bbox 877 2029 951 2075; x_wconf 88' lang='lat' dir='ltr'><strong>cum</strong></span> <span class='ocrx_word' id='word_1_165' title='bbox 974 2007 1066 2075; x_wconf 90' lang='lat' dir='ltr'><strong>taciti</strong></span> <span class='ocrx_word' id='word_1_166' title='bbox 1085 2030 1140 2095; x_wconf 82' lang='lat' dir='ltr'><strong>op</strong></span> 
     </span>
     <span class='ocr_line' id='line_1_22' title="bbox 130 2095 1140 2184; baseline -0.003 -20"><span class='ocrx_word' id='word_1_167' title='bbox 130 2102 203 2164; x_wconf 90' lang='lat' dir='ltr'><strong>tent</strong></span> <span class='ocrx_word' id='word_1_168' title='bbox 225 2096 302 2184; x_wconf 89' lang='lat' dir='ltr'><strong>quid</strong></span> <span class='ocrx_word' id='word_1_169' title='bbox 325 2101 382 2164; x_wconf 80' lang='lat' dir='ltr'><strong>aut</strong></span> <span class='ocrx_word' id='word_1_170' title='bbox 404 2099 554 2181; x_wconf 82' lang='lat' dir='ltr'><strong>voveant,</strong></span> <span class='ocrx_word' id='word_1_171' title='bbox 575 2118 643 2163; x_wconf 89' lang='lat' dir='ltr'><strong>non</strong></span> <span class='ocrx_word' id='word_1_172' title='bbox 660 2096 818 2183; x_wconf 87' lang='lat' dir='ltr'><strong>dubitent,</strong></span> <span class='ocrx_word' id='word_1_173' title='bbox 840 2095 920 2183; x_wconf 90' lang='lat' dir='ltr'><strong>quin</strong></span> <span class='ocrx_word' id='word_1_174' title='bbox 937 2097 970 2161; x_wconf 94' lang='lat' dir='ltr'><strong>di</strong></span> <span class='ocrx_word' id='word_1_175' title='bbox 987 2096 1070 2162; x_wconf 91' lang='lat' dir='ltr'><strong>illud</strong></span> <span class='ocrx_word' id='word_1_176' title='bbox 1089 2118 1140 2162; x_wconf 86' lang='lat' dir='ltr'><strong>ex·</strong></span> 
     </span>
     <span class='ocr_line' id='line_1_23' title="bbox 131 2184 1140 2274; baseline -0.003 -21"><span class='ocrx_word' id='word_1_177' title='bbox 131 2184 278 2274; x_wconf 89' lang='lat' dir='ltr'><strong>audiant)</strong></span> <span class='ocrx_word' id='word_1_178' title='bbox 306 2186 352 2252; x_wconf 88' lang='lat' dir='ltr'><strong>sie</strong></span> <span class='ocrx_word' id='word_1_179' title='bbox 380 2185 481 2251; x_wconf 90' lang='lat' dir='ltr'><strong>animi</strong></span> <span class='ocrx_word' id='word_1_180' title='bbox 507 2184 690 2271; x_wconf 89' lang='lat' dir='ltr'><strong>hominum,</strong></span> <span class='ocrx_word' id='word_1_181' title='bbox 720 2207 793 2252; x_wconf 89' lang='lat' dir='ltr'><strong>cum</strong></span> <span class='ocrx_word' id='word_1_182' title='bbox 821 2187 879 2252; x_wconf 87' lang='lat' dir='ltr'><strong>aut</strong></span> <span class='ocrx_word' id='word_1_183' title='bbox 901 2206 1016 2252; x_wconf 89' lang='lat' dir='ltr'><strong>somno</strong></span> <span class='ocrx_word' id='word_1_184' title='bbox 1039 2186 1140 2251; x_wconf 90' lang='lat' dir='ltr'><strong>soluti</strong></span> 
     </span>
     <span class='ocr_line' id='line_1_24' title="bbox 130 2273 1195 2362; baseline -0.007 -17"><span class='ocrx_word' id='word_1_185' title='bbox 130 2279 249 2345; x_wconf 89' lang='lat' dir='ltr'><strong>vacant</strong></span> <span class='ocrx_word' id='word_1_186' title='bbox 275 2295 410 2362; x_wconf 86' lang='lat' dir='ltr'><strong>corpore</strong></span> <span class='ocrx_word' id='word_1_187' title='bbox 438 2277 496 2340; x_wconf 89' lang='lat' dir='ltr'><strong>aut</strong></span> <span class='ocrx_word' id='word_1_188' title='bbox 523 2277 631 2339; x_wconf 88' lang='lat' dir='ltr'><strong>mente</strong></span> <span class='ocrx_word' id='word_1_189' title='bbox 656 2274 796 2361; x_wconf 87' lang='lat' dir='ltr'><strong>permoti</strong></span> <span class='ocrx_word' id='word_1_190' title='bbox 818 2294 878 2361; x_wconf 91' lang='lat' dir='ltr'><strong>per</strong></span> <span class='ocrx_word' id='word_1_191' title='bbox 900 2294 934 2340; x_wconf 92' lang='lat' dir='ltr'><strong>se</strong></span> <span class='ocrx_word' id='word_1_192' title='bbox 957 2273 1022 2361; x_wconf 93' lang='lat' dir='ltr'><strong>ipsi</strong></span> <span class='ocrx_word' id='word_1_193' title='bbox 1044 2273 1140 2339; x_wconf 87' lang='lat' dir='ltr'><strong>liberi</strong></span> <span class='ocrx_word' id='word_1_194' title='bbox 1191 2311 1195 2319; x_wconf 89' lang='lat'><strong>·</strong></span> 
     </span>
     <span class='ocr_line' id='line_1_25' title="bbox 130 2361 1141 2448; baseline -0.003 -18"><span class='ocrx_word' id='word_1_195' title='bbox 130 2363 259 2431; x_wconf 88' lang='lat' dir='ltr'><strong>incitati</strong></span> <span class='ocrx_word' id='word_1_196' title='bbox 281 2366 461 2447; x_wconf 87' lang='lat' dir='ltr'><strong>moventur,</strong></span> <span class='ocrx_word' id='word_1_197' title='bbox 484 2366 620 2429; x_wconf 87' lang='lat' dir='ltr'><strong>cernunt</strong></span> <span class='ocrx_word' id='word_1_198' title='bbox 640 2382 688 2447; x_wconf 85' lang='lat' dir='ltr'><strong>ea,</strong></span> <span class='ocrx_word' id='word_1_199' title='bbox 711 2384 793 2447; x_wconf 91' lang='lat' dir='ltr'><strong>quae</strong></span> <span class='ocrx_word' id='word_1_200' title='bbox 810 2361 963 2448; x_wconf 85' lang='lat' dir='ltr'><strong>permixti</strong></span> <span class='ocrx_word' id='word_1_201' title='bbox 981 2384 1055 2430; x_wconf 85' lang='lat' dir='ltr'><strong>cum</strong></span> <span class='ocrx_word' id='word_1_202' title='bbox 1072 2384 1141 2429; x_wconf 91' lang='lat' dir='ltr'><strong>cor·</strong></span> 
     </span>
    </p>

    <p class='ocr_par' dir='ltr' id='par_1_7' title="bbox 90 2450 1193 2892">
     <span class='ocr_line' id='line_1_26' title="bbox 90 2450 1193 2539; baseline -0.004 -19"><span class='ocrx_word' id='word_1_203' title='bbox 90 2473 117 2515; x_wconf 78' lang='lat' dir='ltr'><strong>rs</strong></span> <span class='ocrx_word' id='word_1_204' title='bbox 130 2474 210 2539; x_wconf 91' lang='lat' dir='ltr'><strong>pore</strong></span> <span class='ocrx_word' id='word_1_205' title='bbox 233 2451 334 2517; x_wconf 88' lang='lat' dir='ltr'><strong>animi</strong></span> <span class='ocrx_word' id='word_1_206' title='bbox 355 2451 465 2518; x_wconf 90' lang='lat' dir='ltr'><strong>videre</strong></span> <span class='ocrx_word' id='word_1_207' title='bbox 487 2472 553 2516; x_wconf 89' lang='lat' dir='ltr'><strong>non</strong></span> <span class='ocrx_word' id='word_1_208' title='bbox 574 2455 722 2537; x_wconf 91' lang='lat' dir='ltr'><strong>possunt.</strong></span> <span class='ocrx_word' id='word_1_209' title='bbox 762 2451 872 2537; x_wconf 87' lang='lat' dir='ltr'><strong>Atque</strong></span> <span class='ocrx_word' id='word_1_210' title='bbox 894 2451 978 2517; x_wconf 86' lang='lat' dir='ltr'><strong>hanc</strong></span> <span class='ocrx_word' id='word_1_211' title='bbox 1001 2450 1131 2537; x_wconf 90' lang='lat' dir='ltr'><strong>quidem</strong></span> <span class='ocrx_word' id='word_1_212' title='bbox 1143 2460 1193 2510; x_wconf 80' lang='lat'><strong>13⁰</strong></span> 
     </span>
     <span class='ocr_line' id='line_1_27' title="bbox 130 2538 1142 2607; baseline -0.003 -1"><span class='ocrx_word' id='word_1_213' title='bbox 130 2541 293 2606; x_wconf 89' lang='lat' dir='ltr'><strong>rationem</strong></span> <span class='ocrx_word' id='word_1_214' title='bbox 314 2545 450 2606; x_wconf 88' lang='lat' dir='ltr'><strong>naturae</strong></span> <span class='ocrx_word' id='word_1_215' title='bbox 474 2538 605 2605; x_wconf 88' lang='lat' dir='ltr'><strong>difficile</strong></span> <span class='ocrx_word' id='word_1_216' title='bbox 627 2542 679 2605; x_wconf 89' lang='lat' dir='ltr'><strong>est</strong></span> <span class='ocrx_word' id='word_1_217' title='bbox 699 2538 839 2607; x_wconf 71' lang='lat' dir='ltr'><strong>fortame</strong></span> <span class='ocrx_word' id='word_1_218' title='bbox 861 2539 1030 2605; x_wconf 80' lang='lat' dir='ltr'><strong>traducere</strong></span> <span class='ocrx_word' id='word_1_219' title='bbox 1049 2538 1142 2604; x_wconf 91' lang='lat' dir='ltr'><strong>adid</strong></span> 
     </span>
     <span class='ocr_line' id='line_1_28' title="bbox 133 2626 1141 2716; baseline -0.001 -22"><span class='ocrx_word' id='word_1_220' title='bbox 133 2649 236 2716; x_wconf 79' lang='lat' dir='ltr'><strong>genus</strong></span> <span class='ocrx_word' id='word_1_221' title='bbox 263 2627 486 2713; x_wconf 86' lang='lat' dir='ltr'><strong>divinationis,</strong></span> <span class='ocrx_word' id='word_1_222' title='bbox 513 2627 600 2714; x_wconf 91' lang='lat' dir='ltr'><strong>quod</strong></span> <span class='ocrx_word' id='word_1_223' title='bbox 627 2648 666 2693; x_wconf 84' lang='lat' dir='ltr'><strong>ex</strong></span> <span class='ocrx_word' id='word_1_224' title='bbox 692 2630 764 2694; x_wconf 86' lang='lat' dir='ltr'><strong>arte</strong></span> <span class='ocrx_word' id='word_1_225' title='bbox 790 2626 973 2715; x_wconf 85' lang='lat' dir='ltr'><strong>profectum</strong></span> <span class='ocrx_word' id='word_1_226' title='bbox 996 2627 1141 2712; x_wconf 80' lang='lat' dir='ltr'><strong>dicimus,</strong></span> 
     </span>
     <span class='ocr_line' id='line_1_29' title="bbox 133 2713 1142 2802; baseline 0.001 -21"><span class='ocrx_word' id='word_1_227' title='bbox 133 2715 190 2782; x_wconf 90' lang='lat' dir='ltr'><strong>sed</strong></span> <span class='ocrx_word' id='word_1_228' title='bbox 212 2720 324 2782; x_wconf 86' lang='lat' dir='ltr'><strong>tamen</strong></span> <span class='ocrx_word' id='word_1_229' title='bbox 345 2715 378 2781; x_wconf 93' lang='lat' dir='ltr'><strong>id</strong></span> <span class='ocrx_word' id='word_1_230' title='bbox 401 2737 529 2801; x_wconf 92' lang='lat' dir='ltr'><strong>quoque</strong></span> <span class='ocrx_word' id='word_1_231' title='bbox 550 2716 702 2801; x_wconf 87' lang='lat' dir='ltr'><strong>rimatur,</strong></span> <span class='ocrx_word' id='word_1_232' title='bbox 727 2720 884 2802; x_wconf 89' lang='lat' dir='ltr'><strong>quantum</strong></span> <span class='ocrx_word' id='word_1_233' title='bbox 906 2718 1030 2802; x_wconf 89' lang='lat' dir='ltr'><strong>potest,</strong></span> <span class='ocrx_word' id='word_1_234' title='bbox 1051 2713 1142 2782; x_wconf 92' lang='lat' dir='ltr'><strong>Posi·</strong></span> 
     </span>
     <span class='ocr_line' id='line_1_30' title="bbox 133 2803 1142 2892; baseline 0 -22"><span class='ocrx_word' id='word_1_235' title='bbox 133 2804 258 2872; x_wconf 85' lang='lat' dir='ltr'><strong>danius.</strong></span> <span class='ocrx_word' id='word_1_236' title='bbox 302 2803 384 2870; x_wconf 78' lang='lat' dir='ltr'><strong>Esse</strong></span> <span class='ocrx_word' id='word_1_237' title='bbox 407 2807 517 2870; x_wconf 90' lang='lat' dir='ltr'><strong>censet</strong></span> <span class='ocrx_word' id='word_1_238' title='bbox 538 2804 573 2870; x_wconf 92' lang='lat' dir='ltr'><strong>in</strong></span> <span class='ocrx_word' id='word_1_239' title='bbox 594 2808 713 2871; x_wconf 89' lang='lat' dir='ltr'><strong>natura</strong></span> <span class='ocrx_word' id='word_1_240' title='bbox 734 2804 830 2892; x_wconf 77' lang='lat' dir='ltr'><strong>signa</strong></span> <span class='ocrx_word' id='word_1_241' title='bbox 853 2803 1011 2890; x_wconf 83' lang='lat' dir='ltr'><strong>quaedam</strong></span> <span class='ocrx_word' id='word_1_242' title='bbox 1033 2825 1142 2870; x_wconf 89' lang='lat' dir='ltr'><strong>rerum</strong></span> 
     </span>
    </p>

    <p class='ocr_par' dir='ltr' id='par_1_8' title="bbox 92 2890 1143 3070">
     <span class='ocr_line' id='line_1_31' title="bbox 92 2890 1143 2979; baseline 0.003 -23"><span class='ocrx_word' id='word_1_243' title='bbox 92 2915 120 2956; x_wconf 80' lang='lat' dir='ltr'><strong>so</strong></span> <span class='ocrx_word' id='word_1_244' title='bbox 133 2894 326 2959; x_wconf 85' lang='lat' dir='ltr'><strong>futurarum</strong></span> <span class='ocrx_word' id='word_1_245' title='bbox 370 2891 503 2958; x_wconf 82' lang='lat' dir='ltr'><strong>Etenim</strong></span> <span class='ocrx_word' id='word_1_246' title='bbox 525 2890 608 2959; x_wconf 80' lang='lat' dir='ltr'><strong>Ceos</strong></span> <span class='ocrx_word' id='word_1_247' title='bbox 631 2892 814 2979; x_wconf 87' lang='lat' dir='ltr'><strong>accepimus</strong></span> <span class='ocrx_word' id='word_1_248' title='bbox 836 2895 945 2958; x_wconf 87' lang='lat' dir='ltr'><strong>ortum</strong></span> <span class='ocrx_word' id='word_1_249' title='bbox 968 2890 1143 2959; x_wconf 81' lang='lat' dir='ltr'><strong>Caniculae</strong></span> 
     </span>
     <span class='ocr_line' id='line_1_32' title="bbox 133 2980 1142 3070; baseline 0.001 -23"><span class='ocrx_word' id='word_1_250' title='bbox 133 2983 309 3070; x_wconf 81' lang='lat' dir='ltr'><strong>diligenter</strong></span> <span class='ocrx_word' id='word_1_251' title='bbox 332 2980 506 3065; x_wconf 85' lang='lat' dir='ltr'><strong>quotannis</strong></span> <span class='ocrx_word' id='word_1_252' title='bbox 524 2982 629 3047; x_wconf 89' lang='lat' dir='ltr'><strong>solers</strong></span> <span class='ocrx_word' id='word_1_253' title='bbox 647 3003 777 3048; x_wconf 87' lang='lat' dir='ltr'><strong>servare</strong></span> <span class='ocrx_word' id='word_1_254' title='bbox 794 2981 1076 3067; x_wconf 84' lang='lat' dir='ltr'><strong>coniecturamque</strong></span> <span class='ocrx_word' id='word_1_255' title='bbox 1091 3002 1142 3048; x_wconf 90' lang='lat' dir='ltr'><strong>ca·</strong></span> 
     </span>
    </p>
   </div>
   <div class='ocr_carea' id='block_1_3' title="bbox 93 3066 1144 3670">
    <p class='ocr_par' dir='ltr' id='par_1_9' title="bbox 93 3066 1144 3670">
     <span class='ocr_line' id='line_1_33' title="bbox 132 3066 1143 3158; baseline -0.002 -21"><span class='ocrx_word' id='word_1_256' title='bbox 132 3093 218 3158; x_wconf 88' lang='lat' dir='ltr'><strong>pere,</strong></span> <span class='ocrx_word' id='word_1_257' title='bbox 240 3074 279 3136; x_wconf 91' lang='lat' dir='ltr'><strong>ut</strong></span> <span class='ocrx_word' id='word_1_258' title='bbox 301 3069 416 3135; x_wconf 88' lang='lat' dir='ltr'><strong>scribit</strong></span> <span class='ocrx_word' id='word_1_259' title='bbox 433 3066 587 3136; x_wconf 86' lang='lat' dir='ltr'><strong>Ponticus</strong></span> <span class='ocrx_word' id='word_1_260' title='bbox 600 3067 799 3156; x_wconf 87' lang='lat' dir='ltr'><strong>Heraclides,</strong></span> <span class='ocrx_word' id='word_1_261' title='bbox 822 3069 1004 3136; x_wconf 84' lang='lat' dir='ltr'><strong>salubrisne</strong></span> <span class='ocrx_word' id='word_1_262' title='bbox 1027 3090 1069 3136; x_wconf 90' lang='lat' dir='ltr'><strong>an</strong></span> <span class='ocrx_word' id='word_1_263' title='bbox 1088 3090 1143 3156; x_wconf 92' lang='lat' dir='ltr'><strong>pe-</strong></span> 
     </span>
     <span class='ocr_line' id='line_1_34' title="bbox 133 3156 1143 3244; baseline -0.002 -18"><span class='ocrx_word' id='word_1_264' title='bbox 133 3160 247 3226; x_wconf 86' lang='lat' dir='ltr'><strong>stilens</strong></span> <span class='ocrx_word' id='word_1_265' title='bbox 272 3180 376 3224; x_wconf 89' lang='lat' dir='ltr'><strong>annus</strong></span> <span class='ocrx_word' id='word_1_266' title='bbox 398 3157 528 3223; x_wconf 85' lang='lat' dir='ltr'><strong>futurus</strong></span> <span class='ocrx_word' id='word_1_267' title='bbox 551 3156 604 3223; x_wconf 86' lang='lat' dir='ltr'><strong>sit.</strong></span> <span class='ocrx_word' id='word_1_268' title='bbox 648 3156 735 3224; x_wconf 86' lang='lat' dir='ltr'><strong>Nam</strong></span> <span class='ocrx_word' id='word_1_269' title='bbox 758 3158 787 3225; x_wconf 91' lang='lat' dir='ltr'><strong>si</strong></span> <span class='ocrx_word' id='word_1_270' title='bbox 809 3157 978 3226; x_wconf 86' lang='lat' dir='ltr'><strong>obscurior</strong></span> <span class='ocrx_word' id='word_1_271' title='bbox 997 3163 1028 3224; x_wconf 82' lang='lat' dir='ltr'><strong>et</strong></span> <span class='ocrx_word' id='word_1_272' title='bbox 1049 3157 1143 3244; x_wconf 88' lang='lat' dir='ltr'><strong>quasi</strong></span> 
     </span>
     <span class='ocr_line' id='line_1_35' title="bbox 134 3245 1143 3335; baseline -0.001 -22"><span class='ocrx_word' id='word_1_273' title='bbox 134 3248 314 3335; x_wconf 82' lang='lat' dir='ltr'><strong>caliginosa</strong></span> <span class='ocrx_word' id='word_1_274' title='bbox 341 3247 439 3314; x_wconf 92' lang='lat' dir='ltr'><strong>stella</strong></span> <span class='ocrx_word' id='word_1_275' title='bbox 465 3246 623 3331; x_wconf 84' lang='lat' dir='ltr'><strong>extiterit,</strong></span> <span class='ocrx_word' id='word_1_276' title='bbox 650 3245 772 3334; x_wconf 81' lang='lat' dir='ltr'><strong>pingue</strong></span> <span class='ocrx_word' id='word_1_277' title='bbox 799 3250 833 3314; x_wconf 93' lang='lat' dir='ltr'><strong>et</strong></span> <span class='ocrx_word' id='word_1_278' title='bbox 859 3248 1045 3325; x_wconf 74' lang='lat' dir='ltr'><strong>conmetum</strong></span> <span class='ocrx_word' id='word_1_279' title='bbox 1072 3267 1143 3313; x_wconf 86' lang='lat' dir='ltr'><strong>esse</strong></span> 
     </span>
     <span class='ocr_line' id='line_1_36' title="bbox 93 3333 1144 3422; baseline 0.001 -24"><span class='ocrx_word' id='word_1_280' title='bbox 93 3354 120 3398; x_wconf 82' lang='lat' dir='ltr'><strong>ss</strong></span> <span class='ocrx_word' id='word_1_281' title='bbox 135 3337 273 3421; x_wconf 88' lang='lat' dir='ltr'><strong>eaelum,</strong></span> <span class='ocrx_word' id='word_1_282' title='bbox 300 3339 337 3402; x_wconf 90' lang='lat' dir='ltr'><strong>ut</strong></span> <span class='ocrx_word' id='word_1_283' title='bbox 363 3336 432 3402; x_wconf 90' lang='lat' dir='ltr'><strong>eius</strong></span> <span class='ocrx_word' id='word_1_284' title='bbox 461 3334 639 3422; x_wconf 89' lang='lat' dir='ltr'><strong>adspiratio</strong></span> <span class='ocrx_word' id='word_1_285' title='bbox 663 3335 773 3422; x_wconf 77' lang='lat' dir='ltr'><strong>gravis</strong></span> <span class='ocrx_word' id='word_1_286' title='bbox 796 3337 830 3401; x_wconf 90' lang='lat' dir='ltr'><strong>et</strong></span> <span class='ocrx_word' id='word_1_287' title='bbox 851 3334 1009 3422; x_wconf 89' lang='lat' dir='ltr'><strong>pestilens</strong></span> <span class='ocrx_word' id='word_1_288' title='bbox 1031 3333 1144 3400; x_wconf 86' lang='lat' dir='ltr'><strong>futura</strong></span> 
     </span>
     <span class='ocr_line' id='line_1_37' title="bbox 135 3421 1143 3510; baseline -0.001 -21"><span class='ocrx_word' id='word_1_289' title='bbox 135 3425 192 3508; x_wconf 81' lang='lat' dir='ltr'><strong>sit3</strong></span> <span class='ocrx_word' id='word_1_290' title='bbox 215 3423 267 3489; x_wconf 88' lang='lat' dir='ltr'><strong>sin</strong></span> <span class='ocrx_word' id='word_1_291' title='bbox 287 3424 437 3490; x_wconf 88' lang='lat' dir='ltr'><strong>inlustris</strong></span> <span class='ocrx_word' id='word_1_292' title='bbox 460 3425 495 3490; x_wconf 91' lang='lat' dir='ltr'><strong>et</strong></span> <span class='ocrx_word' id='word_1_293' title='bbox 515 3423 681 3510; x_wconf 88' lang='lat' dir='ltr'><strong>perlucida</strong></span> <span class='ocrx_word' id='word_1_294' title='bbox 703 3424 801 3490; x_wconf 87' lang='lat' dir='ltr'><strong>stella</strong></span> <span class='ocrx_word' id='word_1_295' title='bbox 823 3421 1021 3510; x_wconf 89' lang='lat' dir='ltr'><strong>apparuerit,</strong></span> <span class='ocrx_word' id='word_1_296' title='bbox 1044 3421 1143 3510; x_wconf 80' lang='lat' dir='ltr'><strong>signi·</strong></span> 
     </span>
     <span class='ocr_line' id='line_1_38' title="bbox 128 3513 1143 3599; baseline -0.002 -21"><span class='ocrx_word' id='word_1_297' title='bbox 128 3513 225 3579; x_wconf 69' lang='lat' dir='ltr'><strong>&#39;ficari</strong></span> <span class='ocrx_word' id='word_1_298' title='bbox 252 3514 377 3580; x_wconf 91' lang='lat' dir='ltr'><strong>eaelum</strong></span> <span class='ocrx_word' id='word_1_299' title='bbox 404 3534 476 3580; x_wconf 90' lang='lat' dir='ltr'><strong>esse</strong></span> <span class='ocrx_word' id='word_1_300' title='bbox 503 3516 600 3579; x_wconf 88' lang='lat' dir='ltr'><strong>tenue</strong></span> <span class='ocrx_word' id='word_1_301' title='bbox 626 3534 807 3599; x_wconf 85' lang='lat' dir='ltr'><strong>purumque</strong></span> <span class='ocrx_word' id='word_1_302' title='bbox 835 3514 869 3577; x_wconf 90' lang='lat' dir='ltr'><strong>et</strong></span> <span class='ocrx_word' id='word_1_303' title='bbox 897 3514 1072 3598; x_wconf 88' lang='lat' dir='ltr'><strong>propterea</strong></span> <span class='ocrx_word' id='word_1_304' title='bbox 1094 3531 1143 3576; x_wconf 83' lang='lat' dir='ltr'><strong>sa·</strong></span> 
     </span>
     <span class='ocr_line' id='line_1_39' title="bbox 189 3621 928 3670; baseline 0.005 -4"><span class='ocrx_word' id='word_1_305' title='bbox 189 3625 332 3669; x_wconf 82' lang='lat' dir='ltr'><strong>oro.1v.r.</strong></span> <span class='ocrx_word' id='word_1_306' title='bbox 894 3621 928 3670; x_wconf 83' lang='lat' dir='ltr'><strong>re</strong></span> 
     </span>
    </p>
   </div>
   <div class='ocr_carea' id='block_1_4' title="bbox 0 0 1338 3920">
    <p class='ocr_par' dir='ltr' id='par_1_10' title="bbox 0 0 1338 3920">
     <span class='ocr_line' id='line_1_40' title="bbox 0 0 1338 3920; baseline 0 0"><span class='ocrx_word' id='word_1_307' title='bbox 0 0 1338 3920; x_wconf 95' lang='lat' dir='ltr'><strong> </strong></span> 
     </span>
    </p>
   </div>
  </div>
 </body>
</html>
