2652 3920
397 220 463 276 ura.
483 221 504 279 L
524 219 602 281 cAP,
622 227 734 279 ra-aa
753 227 769 288 s
787 225 901 277 as-ss.
1090 218 1152 284 161

189 367 313 433 Corda
339 387 555 451 capessam
583 365 722 431 semita
742 364 855 439 nulla
875 365 1012 451 pedem
1034 362 1154 429 stabi·

135 453 138 457 ’
954 452 1063 519 libat.

188 543 288 611 Exin
310 543 545 629 oompellura
566 545 681 628 pater
702 565 761 609 me
781 563 873 609 roae
894 541 1050 611 videtur
1171 552 1203 602 41

189 633 260 704 His
277 633 422 699 verbis:
442 630 497 697 “0
517 635 649 718 gnata,
666 631 741 699 tibi
755 633 844 704 sunt
858 634 948 699 ante
962 629 1154 716 gerendae

189 723 419 804 Aerumnae,
445 723 536 806 post
563 742 606 786 ex
628 719 756 787 fluvio
776 719 936 789 fortuna
957 716 1153 787 resistet.'’

118 827 134 870 ὅ
189 809 292 881 Haec
306 809 455 876 ecfatus
469 810 593 894 pater,
608 828 802 894 germana,
816 809 977 893 repente
990 806 1155 872 recessit

189 898 221 963 N
227 920 267 964 ea
290 918 374 965 sese
397 897 504 965 dedit
526 896 566 961 in
588 901 836 983 conspectum
854 895 967 963 corda
985 895 1154 981 cupitus,

191 984 424 1069 Quamquam
460 986 582 1055 multa
618 1006 752 1053 manus
788 985 834 1050 ad
866 983 967 1055 oaeli
999 983 1155 1049 caerula

917 1073 1066 1158 templa

190 1160 1155 1243 Tendebamlaorumansetblandaroaarooabam

189 1250 262 1315 Vix
281 1272 396 1336 aegro
410 1253 493 1316 tum
506 1251 618 1316 eorde
632 1272 713 1316 maa
728 1273 785 1316 me
798 1271 954 1323 somnus
968 1247 1154 1333 reliquit?
1164 1300 1205 1362 21
1317 1306 1318 1309 ,

109 1360 133 1400 ιο
145 1339 245 1424 Haeo,
268 1338 398 1405 etiamsi
419 1339 497 1404 fieta
518 1342 595 1403 sunt
617 1361 637 1404 a
654 1342 761 1425 potta,
783 1360 851 1407 non
868 1338 988 1404 absunt
1006 1341 1118 1403 tamen
1136 1359 1156 1403 a
1173 1377 1208 1426 42

146 1428 377 1495 consuetudine
405 1427 613 1495 somniorum.
659 1425 710 1495 Sit
737 1448 814 1493 sana
842 1427 942 1495 etiarn
965 1427 1049 1493 illud
1071 1448 1155 1493 oom-

145 1516 343 1602 mentioium,
365 1537 430 1602 quo
452 1515 602 1585 Priamus
627 1520 678 1581 est
700 1516 920 1599 conturbatus,
942 1515 1021 1600 quia

196 1606 340 1673 ‚instar
363 1603 525 1691 gravida
547 1605 683 1690 parere
701 1625 738 1671 aa
756 1625 796 1673 se
814 1604 1016 1671 ardentem
1032 1603 1155 1671 facem

189 1692 326 1759 Visast
348 1693 387 1758 iu
411 1692 554 1759 somnis
577 1691 748 1778 Hecuba3
772 1714 844 1778 quo
866 1692 972 1758 facto
994 1695 1107 1778 pater
1149 1772 1153 1781 ι

107 1797 133 1842 1⁶
191 1781 270 1847 Rex
291 1779 376 1866 ipsa
397 1780 573 1849 Priamus
597 1781 745 1847 somnio
768 1779 908 1849 mentis
932 1784 1036 1846 metu

190 1869 398 1935 Perculsus
421 1869 523 1936 euris
546 1873 721 1954 sumptus
745 1869 1038 1955 suspirantibus

190 1958 508 2024 Exsaorifioabat
529 1958 673 2025 hostiis
697 1958 932 2027 balantibus,

192 2046 284 2115 Tum
306 2048 566 2113 coniecturam
588 2047 767 2132 postulat
789 2049 919 2132 paoem
942 2050 1093 2133 petens,

191 2135 242 2202 Ut
265 2157 304 2201 sa
327 2135 518 2219 edoceret,
541 2135 750 2205 obsecrans
773 2134 1012 2219 Apollinem,

107 2243 134 2284 so
191 2223 270 2300 Quo
293 2227 377 2290 se'se
399 2227 557 2293 vertant
578 2225 710 2289 tantae
734 2227 862 2290 sortes
885 2224 1082 2290 somnium.

190 2313 250 2378 Ibi
274 2315 318 2378 ex
341 2313 472 2380 oraclo
495 2313 586 2379 vdoe
609 2312 740 2377 divina
763 2311 886 2378 edidit

191 2401 347 2487 Apollo,
370 2422 541 2486 puerum,
563 2399 709 2485 primus
732 2400 886 2466 Priamo
911 2399 978 2487 qui
998 2401 1102 2469 foret

189 2487 362 2557 Postilla
384 2493 513 2573 natus,
535 2492 774 2574 temperaret
796 2489 952 2575 tollare;

190 2577 285 2643 Eum
314 2580 397 2643 essa
427 2577 586 2643 exitium
609 2577 760 2661 Troiae,
788 2580 936 2663 pestem
958 2577 1155 2664 Pergamo.

106 2683 134 2724 ss
148 2662 221 2730 Sint
242 2665 332 2749 haec,
354 2669 393 2731 ut
410 2665 485 2750 dixi,
508 2665 635 2733 somnia
651 2666 847 2751 fabularum,
868 2666 984 2751 hisque
1002 2640 1256 2757 adiungffil

147 2756 202 2818 tur
225 2753 324 2818 etiam
342 2752 472 2823 Aeneae
494 2753 666 2838 somnium,
689 2753 775 2840 quod
797 2755 833 2819 in
853 2754 959 2821 nostri
976 2753 1070 2822 Fabii
1088 2755 1157 2822 Pio·
1256 2768 1261 2803 l

147 2840 230 2906 toris
253 2839 385 2908 Graecis
408 2841 582 2911 annalibus
601 2841 669 2909 eius
687 2843 776 2909 modi
794 2846 852 2926 est,
874 2847 912 2909 ut
931 2843 1050 2929 omnia,
1074 2866 1156 2929 quae
1260 2836 1263 2889 ³

148 2929 189 2995 ab
213 2928 325 2999 Aenea
351 2934 445 3018 gesta
473 2934 548 2995 sunt
577 2952 722 3016 quaeque
749 2931 800 2996 illi
823 2932 1020 3018 aeciderunt,
1048 2954 1086 2999 ea
1108 2933 1157 2999 fu-

146 3018 241 3102 erint,
264 3039 347 3103 quae
369 3017 400 3084 ei
422 3018 598 3087 seeundum
621 3019 765 3104 quietem
786 3020 858 3085 visa
880 3025 965 3087 suut.
989 3077 992 3082 .

106 3123 133 3166 ao
213 3105 276 3173 Sed
301 3107 456 3193 propiora
482 3107 658 3173 videamus.
704 3105 879 3174 Cuiusnam
907 3109 995 3175 modi
1023 3113 1073 3176 est
1100 3048 1283 3201 δῶ

146 3196 238 3281 perbi
257 3195 426 3350 'Papquinii
445 3196 615 3279 somnium,
639 3195 678 3261 da
696 3217 761 3281 qno
779 3195 930 3289 inBruto
945 3197 1037 3264 Aooii
1053 3200 1156 3286 loqui·

146 3288 200 3365 tur
221 3285 292 3370 ipse
889 3348 893 3353 .

190 3371 375 3448 Quoniam
398 3372 522 3459 quieti
544 3373 682 3460 eorpus
704 3378 894 3441 nonturno
916 3372 1054 3460 inpetu
1174 3387 1208 3436 44

189 3459 289 3526 Dedi
310 3483 449 3548 sopore
472 3462 630 3547 placans
654 3466 761 3531 artus
784 3462 1004 3548 languidos,

104 3564 133 3605 ³⁶
190 3549 326 3615 Visust
348 3551 388 3615 in
412 3551 555 3616 romnis
579 3552 714 3636 pa'stor
737 3551 782 3615 ad
805 3572 861 3616 ma
884 3551 1084 3636 appellere

198 3671 307 3715 010.1v.
326 3676 344 3714 2.
908 3661 940 3708 11
