2652 3920
118 243 121 248 ·
181 224 249 290 238
496 225 586 279 DE
604 224 866 280 DIVINATIONE}¹
902 220 903 223 ’

181 391 273 435 mens
296 375 452 436 eventura
475 391 546 435 esse
569 371 703 437 dicebat.
741 369 861 435 Utrum
879 371 1021 454 tandem,
1039 393 1098 457 per
1116 370 1194 437 deos
1294 381 1296 384 ’

133 460 141 472 ’
182 464 282 544 atquc
302 459 465 524 homines!
493 459 599 545 magis
622 460 692 525 veri
715 459 821 524 simile
845 463 896 543 est
918 481 1075 524 vesanum
1098 461 1194 527 remi·

181 569 256 701 {em
283 569 326 611 an
353 548 495 632 aliquem
522 551 686 632 nostrum,
714 547 770 631 qui
796 548 843 612 ibi
866 551 937 612 tum
960 570 1102 633 eramus,
1132 571 1194 633 me,

209 640 353 720 atonem,
380 635 575 720 Varronem,
604 636 786 721 Coponium
812 635 934 721 ipsum,
961 637 1099 702 consilia
1121 637 1194 703 deo·

180 745 254 788 rum
276 725 501 789 inmortalium
524 725 705 810 perspicere
728 725 897 809 potuisse?
1221 748 1235 789 a

130 793 179 920 {³165
221 810 312 877 «Sed
334 813 401 878 iam
424 813 466 878 ad
487 817 521 877 te
544 813 648 899 renio,

183 923 188 928 ‘¹
224 884 253 964 C
277 901 677 987 sanoteApollo,²qui
699 901 927 967 umbilicum
951 904 1098 967 certum
1117 907 1194 968 ter·

450 1014 452 1017 ’
781 1012 910 1055 rarum
933 991 1104 1075 obsides,
1143 1033 1145 1038 .

225 1061 332 1143 Unde
355 1079 637 1162 superstitiosa
654 1078 824 1165 primum
843 1081 958 1144 saeva
977 1081 1103 1144 evasit
1120 1081 1193 1145 vox

348 1233 349 1236 ,
1010 1168 1103 1234 fera.

181 1253 260 1321 Tuis
278 1255 364 1319 enim
384 1255 524 1321 oraculis
539 1254 741 1340 Chrysippus
759 1259 867 1320 totum
886 1257 1038 1321 volumen
1055 1257 1194 1342 inplevit

180 1343 302 1428 partim
323 1343 427 1427 falsis,
449 1348 487 1408 ut
510 1365 571 1430 ego
595 1344 719 1429 opinor,
742 1345 864 1430 partim
886 1366 963 1409 casu
981 1345 1076 1430 veris,
1099 1350 1137 1410 ut
1154 1345 1193 1409 fit
1210 1368 1234 1408 ro

180 1431 215 1495 in
238 1431 326 1496 omni
349 1432 496 1498 oratione
519 1432 719 1518 saepissime,
741 1433 864 1516 partim
882 1433 1065 1518 flexiloquis
1086 1437 1119 1498 et
1138 1434 1193 1499 ob-

180 1520 297 1604 scuris,
324 1524 362 1585 ut
388 1521 549 1606 interpres
578 1524 673 1607 egeat
699 1521 877 1606 interprete
906 1524 939 1586 et
962 1542 1033 1586 sors
1056 1522 1130 1607 ipsa
1151 1522 1193 1587 ad

182 1612 286 1674 sortes
310 1609 477 1675 referenda
500 1610 553 1694 sit,
575 1609 697 1694 partim
718 1610 891 1696 ambiguis,
914 1613 948 1674 et
967 1631 1049 1694 quae
1068 1610 1110 1674 ad
1127 1611 1193 1676 dia-

180 1697 331 1763 lecticum
350 1697 540 1763 deferendae
559 1698 634 1762 sint.
670 1696 757 1762 Nam
776 1720 849 1764 cum
868 1698 927 1763 illa
945 1720 1017 1763 sors
1036 1699 1124 1763 edita
1142 1702 1193 1763 est

181 1786 438 1872 opulentissumo
461 1787 532 1873 regi
555 1786 667 1851 Asiae:
1207 1809 1233 1848 1a

225 1873 390 1940 Croesus
409 1874 539 1959 Halyn
560 1878 770 1960 penetrans
794 1896 970 1961 magnam
992 1879 1193 1960 pervertet

878 1986 990 2049 opum
1013 1986 1103 2047 vrm,

179 2051 324 2115 hostium
346 2051 414 2116 vim
438 2072 472 2116 se
495 2072 722 2136 perversurum
744 2052 882 2136 putavit,
904 2052 1064 2138 pervertit
1082 2056 1193 2117 autem

133 2154 290 2205 nosuam.
322 2138 441 2204 Utrum
464 2139 566 2225 igitur
584 2161 695 2204 eorum
715 2140 893 2223 accidisset,
916 2162 1028 2205 verum
1047 2142 1192 2206 oraclum

178 2227 303 2292 fuisset.
354 2225 419 2292 Cur
459 2231 568 2292 autem
609 2227 671 2292 hoc
711 2228 840 2293 credam
876 2251 1032 2313 umquam
1069 2229 1191 2293 editum

180 2315 323 2381 Croeso?
346 2319 403 2380 aut
421 2314 624 2381 Herodotum
643 2338 699 2381 cur
716 2317 914 2382 veraciorem
933 2317 1048 2382 ducam
1061 2317 1191 2383 Ennio?
1206 2337 1233 2376 ro

87 2403 266 2468 strena
300 2404 406 2469 minus
438 2405 495 2469 ille
522 2405 630 2489 potuit
658 2404 696 2470 de
725 2402 845 2470 Croeso
873 2427 971 2489 quam
999 2405 1038 2470 de
1065 2405 1191 2490 Pyrrho

59 2452 87 2561 C
178 2493 304 2579 fingere
324 2492 472 2558 Ennius?
510 2490 588 2569 Quis
612 2494 699 2557 enim
722 2497 785 2577 est,
814 2495 870 2579 qui
892 2494 1003 2561 eredat
1026 2495 1191 2580 Apollinis

178 2604 218 2647 ex
242 2583 373 2646 oraculo
395 2581 522 2666 Pyrrho
546 2604 616 2646 esse
639 2604 844 2667 responsum:
1128 2660 1132 2663 A

245 2669 316 2735 Aio
339 2675 391 2754 te,
414 2671 597 2755 Aeacida,
619 2670 813 2735 Romanos
836 2670 990 2736 vincere
1013 2671 1150 2756 posse?

178 2758 324 2824 Primum
347 2758 463 2823 Latine
486 2759 608 2846 Apollo
631 2781 809 2843 numquam
832 2760 960 2824 locutus
984 2763 1049 2843 est3
1077 2759 1190 2823 deinde
1205 2778 1232 2818 25

178 2849 244 2912 ista
266 2869 338 2912 sors
361 2847 509 2913 inaudita
532 2846 664 2913 Graecis
688 2852 751 2931 est3
778 2851 948 2932 praetcrea
970 2847 1089 2932 Pyrrhi
1111 2851 1191 2912 tem-

177 2937 312 3021 poribus
335 2936 402 3000 iam
424 2936 546 3020 Apollo
569 2958 682 3000 versus
704 2935 812 3001 facere
835 2936 988 3020 desierat3
1014 2938 1190 3021 postremo,

178 3045 376 3108 quamquam
399 3045 527 3110 semper
548 3024 621 3108 fuit,
643 3028 680 3088 ut
704 3024 790 3109 apud
811 3024 954 3089 Ennium
977 3029 1036 3108 est,

563 3112 752 3177 stolidum
777 3133 896 3198 genus
919 3113 1191 3197 Aeacidarum,

221 3199 514 3285 Bellipotentes
542 3205 632 3265 sunt
658 3201 782 3285 magis
811 3222 922 3285 quem
949 3202 1232 3286 sapientipo-ro

958 3293 1101 3372 tentes,

177 3381 287 3441 tamen
310 3376 394 3441 hanc
417 3376 652 3461 amphiboliam
675 3399 788 3441 versus
811 3377 1002 3463 intellegere
1019 3379 1190 3462 potuisset,

178 3463 347 3529 ‘vincere
369 3468 408 3528 te
431 3463 640 3530 Romanos’
663 3465 766 3530 nihilo
790 3466 896 3550 magis
919 3467 1011 3530 inse
1035 3487 1133 3550 quam
1155 3466 1191 3530 in

177 3550 343 3617 Romanos
367 3552 490 3632 valere3
512 3575 589 3616 nam
612 3553 670 3617 illa
693 3552 903 3638 amphibolia,
927 3574 1009 3637 quae
1032 3552 1189 3619 Croesum
