2654 3912
421 191 490 245 121ss.
510 192 531 247 Ι.
552 191 628 246 GAP.
649 200 726 248 1—3.
745 200 760 260 s
778 198 856 248 a-a.
1078 194 1144 258 383

136 335 235 400 Potes
267 339 377 400 autem
403 339 441 400 tu
466 334 613 420 profecto
640 336 721 400 satis
748 334 854 401 faeere
880 336 916 401 in
943 358 994 422 ea,
1025 336 1145 422 quippe

139 445 236 508 quom
259 423 304 488 sit
326 444 417 508 opus,
439 426 478 488 ut
498 424 562 488 tibi
580 422 710 508 quidem
727 424 830 489 videri
848 425 942 508 solet,
964 446 1065 489 unum
1083 425 1144 489 hoo

138 512 317 578 oratorium
344 511 493 577 maxime.
538 510 644 588 Quam
671 513 712 577 ob
740 533 808 577 rem
834 512 1023 598 adgredere,
1051 529 1179 598 quae-e

138 622 258 686 sumus,
281 604 315 665 et
338 622 428 666 sume
452 600 493 666 ad
514 599 599 665 hano
621 621 690 664 rem
713 603 852 685 tempus,
875 622 957 685 quae
980 604 1031 666 est
1054 622 1146 666 ano·

110 689 216 755 astris
238 688 425 755 hominibus
448 689 552 755 adhue
575 692 633 753 aut
655 688 808 773 ignorata
825 693 883 754 aut
900 688 1023 755 relicta.
1059 687 1146 754 Nam

137 782 214 864 post
233 778 360 843 annalis
379 777 569 864 pontificum
588 777 812 861 maximorum,
836 777 953 862 quibus
972 777 1056 842 nihil
1074 782 1146 863 pot·

137 871 189 932 est
221 882 291 932 essa
322 866 475 950 ieiunius,
506 865 535 931 si
572 869 629 930 aut
660 864 701 930 ad
728 862 866 930 Fabium
899 870 957 930 aut
989 866 1030 931 ad
1063 888 1145 950 eum,

138 956 196 1110 td
217 955 432 1109 lllzhlt
450 955 567 1108 tut
581 951 917 1108 adaldrud&
935 954 1147 1129 apum

98 1153 125 1193 ro
139 1154 178 1198 ex
199 1132 253 1197 his
275 1132 360 1197 alius
382 1131 447 1197 alio
470 1131 545 1216 plus
566 1130 668 1195 habet
690 1130 821 1215 virium,
844 1093 955 1197 tamin
978 1132 1055 1216 quid
1077 1135 1147 1196 tam

139 1221 222 1286 exile
246 1242 344 1305 quam
366 1218 423 1285 isti
446 1219 580 1285 omnes?
614 1217 731 1283 Fannii
754 1223 863 1284 autem
882 1220 983 1285 aetati
1000 1219 1147 1286 ooniuno-

138 1313 193 1374 tus
220 1308 396 1393 Antipater
426 1308 524 1394 paulo
555 1307 683 1373 inflavit
713 1307 937 1373 vehementius
967 1308 1147 1393 habuitque

53 1479 56 1485 ν
138 1399 225 1464 vires
252 1397 393 1484 agrestis
419 1397 475 1462 ille
503 1396 633 1481 quidem
656 1399 753 1480 atque
776 1396 926 1461 horridas
948 1397 1018 1462 sine
1040 1397 1147 1461 nitore

139 1510 177 1554 aa
199 1487 373 1572 palaestra,
396 1485 453 1551 sed
475 1488 586 1550 tamen
609 1485 781 1549 admonere
804 1485 948 1569 reliquos
970 1485 1088 1570 potuit,
1110 1489 1147 1550 ut

95 1595 125 1633 ⁴1⁵
140 1575 326 1641 adcuratius
362 1574 549 1640 seriberent.
598 1572 682 1638 ane
719 1576 828 1640 autem
860 1580 1041 1639 successere
1073 1574 1147 1639 huie

139 1664 251 1748 †belli
273 1662 420 1747 Clodius,
442 1663 582 1746 Asellio,
604 1661 688 1726 nihil
712 1661 752 1726 ad
775 1660 937 1746 Coelium,
961 1661 1017 1727 sed
1037 1662 1146 1748 potius

140 1752 182 1818 ad
213 1752 423 1837 antiquorum·
453 1752 643 1837 languorem
673 1753 706 1815 et
734 1750 906 1815 inscitiam.
956 1749 1043 1814 Nam
1071 1749 1182 1835 quid?

140 1842 285 1907 Macrum
308 1840 496 1906 numerem?
520 1839 610 1904 ouius
633 1837 815 1923 loquacitas
838 1838 939 1903 habet
958 1838 1081 1923 aliquid
1100 1860 1148 1903 ar·

142 1930 319 2016 gutiarum,
347 1950 407 1995 neo
435 1927 469 1992 id
498 1932 609 1993 temen
639 1949 678 1992 ex
708 1927 767 1992 illa
797 1926 923 1992 erudita
951 1924 1148 1992 Graecorum

100 2018 243 2104 acopis,
265 2017 322 2084 sed
344 2039 383 2083 ex
405 2016 584 2082 librariolis
603 2015 739 2100 Latinis,
761 2015 796 2080 in
818 2014 1020 2080 orationibus
1039 2018 1148 2080 auteur

141 2108 255 2190 multa,
278 2106 334 2171 sed
356 2105 468 2191 inepta
490 2106 599 2188 elatio,
623 2127 750 2170 summa
771 2103 970 2189 inpudentia.
1003 2101 1149 2186 Sisenna,

141 2196 210 2260 eius
233 2195 364 2279 amicus,
387 2216 499 2259 omnes
523 2193 627 2260 adhue
650 2196 780 2259 nostros
804 2192 988 2278 scriptores,
1010 2192 1075 2256 nisi
1093 2193 1148 2276 qui

140 2284 226 2349 forte
256 2283 415 2361 nondum⁸
431 2282 613 2366 ediderunt,
645 2283 684 2347 de
716 2281 833 2368 quibus
866 2281 1052 2347 existimare
1082 2302 1150 2346 nou

141 2393 323 2459 possumus,
344 2371 441 2437 facile
464 2371 638 2457 superavit.
675 2369 709 2435 Is
731 2374 842 2436 tamen
861 2391 966 2456 neque
985 2373 1097 2436 orator
1114 2369 1148 2433 in
1173 2446 1177 2459 ι

101 2479 128 2518 2⁵
141 2482 275 2526 numero
306 2463 416 2525 vestro
448 2481 602 2545 umquam
635 2462 685 2523 est
715 2459 848 2524 habitus
880 2463 914 2524 et
944 2459 980 2523 in
1010 2458 1149 2523 historia

142 2549 265 2634 puerile
289 2548 442 2633 quiddam
464 2550 678 2631 consectatur,
701 2550 738 2612 ut
757 2569 857 2612 unum
876 2545 1078 2613 Clitarchum
1096 2568 1149 2610 ne

143 2660 205 2723 que
227 2640 397 2724 praeterea
419 2657 614 2726 quemquam
637 2635 676 2700 de
699 2634 831 2701 Graecis
855 2636 974 2721 legisse
992 2634 1149 2716 videatur,

143 2749 216 2792 eum
244 2731 355 2792 tamen
381 2724 466 2791 velle
489 2725 658 2790 dumtaxat
680 2723 817 2808 imitar13
844 2745 940 2808 quem
963 2723 992 2787 si
1014 2722 1149 2806 adsequi

142 2818 262 2900 posset,
286 2814 489 2899 aliquantum
512 2814 553 2878 ab
578 2816 712 2898 optumo
735 2815 845 2876 tamen
868 2812 1006 2876 abesset.
1043 2808 1149 2886 Quare

103 2921 129 2961 ³0
142 2909 234 2968 tuum
253 2907 304 2968 est
321 2923 438 2966 munus
457 2901 527 2987 hoo,
551 2924 570 2966 a
588 2904 621 2966 te
640 2903 837 2986 expectatur,
855 2898 919 2963 nisi
937 2898 1014 2984 quid
1028 2896 1148 2974 Quinto
1210 2970 1212 2976 k

141 2992 268 3058 videtur
291 3011 391 3056 secus.

209 3081 242 3161 Q.
266 3080 347 3145 Mihi
370 3100 447 3144 vero
469 3077 566 3161 nihil,
589 3080 622 3142 et
644 3097 741 3161 saepe
764 3076 803 3142 de
825 3075 890 3141 isto
913 3075 1075 3142 conlocuti
1098 3045 1189 3171 su}

142 3191 223 3234 mus,
273 3167 336 3232 Sed
368 3170 419 3232 est
451 3166 609 3252 quaedam
640 3165 726 3231 inter
757 3185 816 3230 nos
848 3185 952 3250 parva
981 3164 1148 3249 dissensio.

142 3262 216 3324 Ara
234 3255 323 3333 Quae
346 3255 499 3321 tandem?
530 3254 565 3335 Q.
583 3253 614 3318 A
633 3254 750 3338 quibus
769 3253 971 3338 temporibus
989 3253 1150 3320 scribendi

103 3362 129 3402 ⁸⁵
143 3346 251 3430 capiat
274 3344 449 3411 exordium.
484 3342 558 3429 Ego
582 3343 668 3407 enim
691 3342 732 3407 ab
755 3341 881 3407 ultimis
905 3363 1028 3427 censeo,
1051 3363 1150 3426 quon·

142 3434 205 3499 ianr
243 3433 304 3498 illa
337 3432 384 3499 sio
419 3431 542 3519 scripta
575 3434 665 3515 sunt,
701 3433 805 3497 utne
832 3432 985 3517 legantur
1012 3430 1150 3515 quidem,

142 3524 212 3607 ipse
237 3526 345 3587 autem
369 3523 538 3606 aequalem
555 3520 674 3586 aetatis
693 3540 770 3585 suae
788 3519 979 3585 memoriam
997 3517 1150 3603 deposuit,
