2630 3904
376 213 444 272 LIB.
463 215 485 272 l.
505 214 582 272 OAP.
601 220 715 272 28-30.
734 221 750 282 ξ
769 220 882 271 79-85.
1089 216 1133 279 31

121 380 232 425 nonne
254 358 351 425 deum
372 359 476 424 videri
493 358 690 446 Aegyptiis?
725 359 808 426 Tam
825 359 934 427 hercle
957 381 1056 446 quam
1073 357 1136 423 tibi
1191 372 1197 429 l

119 449 216 515 illam
247 451 393 513 vestram
419 445 598 533 Sospitam,
631 470 729 534 quam
760 453 797 515 tu
828 470 1006 534 numquam
1032 469 1074 513 na
1100 447 1136 512 in
1152 440 1197 525 ‚11¹
1231 462 1234 473 '

119 535 247 603 somnis
266 535 395 621 quidem
414 536 504 601 vides
520 536 583 602 nisi
597 559 671 603 cum
684 538 769 623 pelle
783 538 924 623 caprina,
942 559 1016 604 cum
1029 537 1136 621 hasta,

118 648 196 691 cum
219 625 359 708 scutulo,
381 647 455 690 cum
478 625 629 691 calceolis
647 626 807 711 repandis.
839 625 886 691 At
902 647 971 692 uon
988 629 1039 691 est
1057 625 1135 690 talis

88 713 229 799 surgis
257 734 317 778 nee
343 712 493 778 Romana
514 712 605 779 Iuno.
648 713 741 801 Ergo
764 715 831 780 alia
853 715 977 800 species
1000 713 1134 779 lunonis

119 801 273 889 Argivis,
300 801 367 867 alia
388 801 579 886 Lanuvinis,
605 803 673 868 aliu
698 803 794 870 bobas.
838 802 883 868 Et
911 803 1042 888 quidem
1069 802 1189 917 alia„O

119 890 218 957 nobis
251 887 442 975 Capitolini,
475 890 541 956 alia
571 890 662 956 Afris
690 890 885 959 Hammonis
912 891 1010 957 Iovis.
1059 889 1135 957 Non
1154 929 1189 981 33

121 979 223 1066 pudet
240 978 344 1066 igitur
361 978 540 1064 physicum,
558 978 592 1044 id
611 983 662 1045 est
679 980 917 1066 speculatorem
935 983 1136 1046 venatorem·

123 1090 185 1153 qua
216 1071 368 1152 naturae,
400 1067 442 1132 ab
472 1067 589 1132 animis
616 1069 847 1135 consuetudine
874 1068 998 1135 inbutis
1025 1072 1136 1154 petere

83 1175 110 1214 ιθ
123 1154 350 1223 testimouium
371 1155 544 1221 veritatis?
580 1154 650 1222 Isto
673 1157 760 1223 enim
783 1158 879 1224 modo
900 1158 1005 1224 dicere
1024 1156 1136 1223 licebit

121 1245 237 1311 Iovem
255 1266 383 1328 semper
400 1244 585 1329 barbatum,
606 1244 795 1330 Apollinem
814 1267 941 1332 semper
958 1246 1136 1329 inberbem,

122 1333 249 1401 caesios
273 1333 384 1398 oculos
407 1332 590 1436 Merrae,
609 1335 773 1400 caeruleos
798 1356 868 1400 esse
891 1333 1046 1421 Neptuni.
1091 1334 1136 1399 ut

122 1421 611 1594 rlzubfidiuuuu
626 1421 1136 1596 lelezfluuuuulu

80 1616 108 1657 ¹⁵
121 1603 175 1665 ret
203 1597 397 1665 claudicatio
424 1618 492 1664 non
519 1598 682 1665 deformis.
728 1597 886 1666 Claudum
915 1600 1018 1686 igitur
1039 1598 1137 1664 habe

121 1688 233 1754 bimus
251 1687 357 1769 deum,
374 1686 530 1771 quoniam
548 1686 587 1751 de
605 1687 753 1753 Volcano
772 1688 819 1753 sic
837 1688 1028 1774 accepimus.
1064 1687 1137 1774 Age

121 1781 158 1844 et
185 1775 240 1841 his
271 1776 440 1842 vocabulis
467 1796 537 1841 esse
565 1775 642 1842 deos
668 1776 820 1862 facimus,
851 1776 968 1861 quibus
996 1776 1137 1842 anobis

120 1863 357 1933 nominantur?
393 1863 442 1928 At
462 1864 613 1949 primum,
636 1870 716 1951 (prot
734 1866 904 1931 hominum
922 1865 1062 1953 linguae,
1085 1869 1137 1930 tot
1155 1875 1190 1927 84

120 1952 424 2034 nominaffldeorum.
468 1950 545 2018 Nou
567 1953 666 2035 enim,
689 1957 726 2019 ut
734 1959 786 2020 “tu
808 1952 964 2038 Velleius,
987 1975 1137 2038 quocum·

83 2060 110 2100 2⁰
123 2064 190 2128 que
221 2040 362 2124 venenu,
394 2041 441 2107 sic
472 2040 558 2106 idem
588 2041 631 2106 in'
650 2040 750 2108 Italia
777 2041 956 2127 Volcanus,
987 2043 1074 2108 idem
1104 2042 1138 2107 in

122 2130 296 2215 Hispania.
332 2128 457 2194 Deinde
479 2129 648 2195 nominum
669 2153 737 2197 non
759 2153 898 2219 magnus
920 2153 1074 2196 numerus
1096 2152 1138 2196 na

121 2220 255 2375 itlibilii1
255 2217 364 2371 lifigigs
377 2217 663 2372 spnugdpfflisffis
668 2220 1138 2374 ’adddluulstilldemmdldldllnitea
1153 2306 1159 2363 l

121 2396 222 2463 robis
245 2394 349 2460 dicere
372 2415 504 2460 necesse
526 2399 590 2479 est,
617 2396 695 2479 quid
718 2396 804 2461 enim
827 2330 959 2479 attinet,l
978 2420 1051 2463 cum
1074 2418 1139 2461 una

84 2485 228 2552 ²⁵facies
260 2483 318 2568 sit,
349 2482 446 2568 plura
472 2504 543 2549 esse
571 2484 726 2550 nomina?
777 2483 881 2561 Quam
907 2485 1032 2551 bellum
1059 2487 1139 2568 erat,

123 2573 249 2656 Vellei,
276 2572 424 2638 confiteri
450 2571 560 2657 potius
587 2573 724 2656 nescire,
751 2572 838 2658 quod
858 2573 1013 2658 nescires,
1041 2595 1138 2658 quam

123 2664 193 2729 ista
218 2660 419 2727 effutientem
441 2681 598 2726 nauseare
621 2664 719 2746 atquc
742 2661 850 2748 ipsum
873 2662 936 2728 sibi
954 2661 1138 2747 displicere!

125 2751 184 2817 An
209 2754 248 2815 tu
275 2749 339 2815 mei
369 2748 510 2814 similem
533 2753 630 2834 putas
654 2771 724 2815 esse
747 2754 805 2816 aut
827 2750 877 2815 tui
900 2750 1017 2816 deum?
1061 2748 1139 2815 Pro

124 2839 215 2905 fectu
237 2859 305 2904 non
326 2841 432 2923 putas.
468 2836 553 2914 Quid
575 2839 678 2925 ergo?
702 2839 804 2905 solem
827 2838 932 2905 dicam
951 2842 1009 2904 aut
1027 2838 1139 2904 lunam

86 2932 188 2994 aaut
223 2926 350 2993 caelum
380 2925 502 2991 deum?
551 2926 642 3013 Ergo
678 2927 779 2993 etiam
809 2926 964 2992 beatum?
1015 2925 1139 3003 Quibus

124 3016 292 3082 fruentem
320 3014 568 3100 voluptatibus?
612 3015 658 3080 Et
687 3016 893 3101 sapientem?
938 3015 1001 3092 Qui
1030 3019 1140 3102 potest

127 3125 201 3171 esse
218 3104 254 3169 in
272 3103 340 3170 eius
359 3103 447 3170 modi
464 3107 580 3171 trunco
599 3103 782 3190 sapientia?
817 3103 908 3170 Haec
926 3108 1036 3171 vestra
1054 3109 1139 3170 sunt.

128 3190 165 3260 Si
191 3193 295 3280 igitur
316 3213 375 3258 nec
397 3192 541 3259 humano
561 3194 643 3277 aba,
673 3191 760 3277 quod
783 3192 889 3275 docui,
916 3214 975 3259 uec
998 3193 1058 3258 tali
1081 3194 1139 3259 ali·
1158 3204 1191 3254 8⁶

93 3304 208 3436 ulls
228 3280 465 3436 qillslblli
482 3280 1141 3435 lllzsblrtffilubits‘sstzl

129 3459 192 3525 hoc
217 3459 290 3526 loeo
313 3479 380 3524 non
401 3457 559 3544 populum
582 3394 709 3543 metuid),
732 3458 790 3523 sed
810 3392 1009 3542 ipsosqdeos.
1038 3421 1142 3522 'Novi

131 3568 193 3632 ego
221 3546 400 3632 Epicureos
431 3546 541 3612 omnia
570 3546 682 3632 sigilla
708 3549 913 3629 venerantes3
944 3565 1142 3629 quamquam
