2652 3908
161 197 205 263 56
471 192 520 248 DE
539 191 691 249 NATURA
709 190 865 247 DEORUM

161 340 270 408 doceri
286 339 392 428 possit
410 337 529 423 omnia,
547 359 630 423 quae
647 341 736 403 terra
749 337 911 423 concipiat
924 338 1058 424 semina,
1077 361 1180 426 quae·

163 451 225 518 que
246 429 321 516 ipsa
343 450 382 494 ex
404 450 439 494 se
462 429 619 514 generata
641 426 799 512 stirpibus
821 425 923 493 infixa
940 427 1116 513 contineat,
1134 449 1180 494 ea

162 516 398 604 temperatione
434 515 553 583 caloris
585 518 619 580 et
650 514 730 580 oriri
760 518 795 581 et
826 536 1007 602 augescere.
1061 516 1179 602 Atque

163 628 267 693 aquae
303 604 403 672 etiam
438 603 619 671 admixtum
655 624 725 670 esse
754 604 897 670 calorem
927 605 1071 691 primurn
1102 606 1179 691 ipse

162 696 271 781 liquor
293 715 397 780 aquae
419 692 565 760 declarat
587 696 621 758 et
642 691 738 778 fusio,
760 715 844 778 quae
864 714 969 779 neque
991 694 1180 781 conglacia·
1206 715 1224 760 e

164 788 213 851 ret
234 782 414 871 frigoribus
435 802 540 866 neque
561 779 636 847 nive
658 779 838 868 pruinaque
857 786 1086 867 concresceret,
1108 782 1180 849 nisi

163 873 276 940 eadem
298 893 333 938 se
356 869 500 937 admixto
523 869 631 936 calore
654 868 831 954 liquefacta
852 874 887 937 et
909 871 1037 957 dilapsa
1059 871 1180 936 diffun-

163 962 262 1028 deret.
311 958 428 1045 Itaque
459 962 493 1024 et
524 957 732 1044 aquilonibus
763 958 962 1045 reliquisque
993 958 1178 1046 frigoribus

163 1049 338 1118 adstrictus
372 1047 513 1114 durescit
539 1067 647 1132 umor,
678 1049 712 1112 et
738 1045 825 1113 idem
851 1046 996 1114 vicissim
1023 1049 1179 1115 mollitur

164 1138 345 1225 tepefactus
368 1140 402 1203 et
424 1134 565 1202 tabescit
584 1135 701 1201 calore.
737 1135 847 1221 Atque
865 1135 966 1202 etiam
983 1137 1088 1203 meria
1106 1138 1179 1224 agi·
1192 1159 1224 1203 ro

164 1232 236 1293 tata
258 1225 364 1293 ventis
387 1224 435 1292 ita
457 1227 639 1310 tepescunt,
662 1227 700 1290 ut
720 1222 871 1311 intellegi
892 1224 988 1292 facile
1010 1227 1117 1312 possit
1138 1228 1179 1293 in

164 1314 267 1383 tantis
303 1314 371 1380 illis
403 1314 572 1381 umoribus
605 1334 676 1378 esse
706 1312 868 1379 inclusum
901 1314 1051 1381 calorem.
1105 1314 1179 1382 Nec

164 1404 251 1473 enim
274 1404 331 1469 ille
355 1407 507 1469 externus
530 1405 565 1468 et
587 1400 787 1468 adventicius
810 1402 978 1468 habendus
1002 1407 1053 1468 est
1070 1407 1179 1491 tepor,

165 1493 222 1561 sed
253 1515 292 1560 ex
323 1492 449 1557 intimis
480 1491 581 1557 meris
612 1490 762 1577 partibus
795 1491 976 1577 agitatione
1006 1493 1178 1578 excitatus,
1313 1524 1314 1527 ¹

165 1581 251 1669 quod
273 1581 396 1647 nostris
419 1601 547 1666 quoque
569 1578 760 1664 corporibus
782 1578 959 1667 contingit,
986 1601 1061 1646 cum
1082 1586 1179 1647 motu
1193 1601 1224 1646 rs
1314 1612 1315 1615 ¹

164 1676 262 1752 atque
295 1668 526 1736 exercitatione
553 1667 762 1733 recalescunt.
807 1665 883 1753 Ipse
911 1689 988 1734 vero
1017 1675 1086 1754 aer,
1119 1670 1180 1755 qui

164 1764 284 1826 natura
306 1760 358 1824 est
379 1757 519 1823 maxime
541 1755 696 1843 frigidus,
723 1755 856 1822 minime
880 1760 931 1822 est
953 1778 1068 1843 expers
1092 1759 1178 1825 calo·
1317 1830 1318 1859 ,

112 1861 146 1913 Ξῖ
165 1848 226 1932 ria3
257 1847 314 1913 ille
340 1867 418 1912 vero
446 1849 480 1912 et
506 1844 611 1910 multo
639 1844 768 1927 quidem
794 1845 903 1911 calore
925 1845 1088 1912 admixtus
1111 1853 1179 1934 est3
1317 1864 1318 1869 ’

164 1936 235 2023 ipse
255 1933 341 2001 enim
360 1934 464 2000 oritur
482 1954 521 1998 ex
539 1931 753 2017 respiratione
769 1955 941 2018 aquarum3
958 1957 1071 2001 earum
1088 1937 1178 2002 enim

109 2028 112 2033 ⁴
166 2024 261 2111 quasi
296 2044 399 2108 vapor
436 2021 568 2107 quidam
606 2026 662 2087 atr
696 2020 865 2088 habendus
897 2026 962 2108 est3
1004 2023 1033 2089 is
1050 2028 1178 2091 ‚auum
1193 2044 1224 2088 so

165 2112 278 2181 existit
300 2113 393 2176 motu
415 2109 484 2176 eius
507 2108 635 2194 caloris,
657 2109 824 2196 quiaquia
843 2112 1036 2179 continetur.
1072 2111 1179 2190 Quam

166 2199 414 2269 similitudinem
445 2220 575 2266 cernere
606 2220 779 2284 possumus
810 2200 845 2265 in
876 2200 917 2265 iis
950 2201 1056 2287 aquis,
1093 2224 1179 2288 quae

166 2290 388 2358 ecfcrvescunt
406 2287 546 2354 subditis
564 2287 705 2375 ignibus.
741 2286 813 2353 Iam
826 2310 903 2355 vcro
917 2290 1045 2375 reliqua
1058 2288 1180 2377 quarta

167 2399 244 2465 pars
267 2376 389 2461 mundi,
411 2398 450 2442 ea
472 2382 506 2443 et
527 2376 601 2463 ipsa
623 2379 696 2441 tota
716 2381 836 2443 natura
857 2376 982 2444 fervida
1005 2382 1057 2444 est
1074 2383 1108 2445 et
1128 2401 1179 2446 ce·

166 2467 246 2534 teris
275 2466 402 2533 naturis
434 2464 585 2532 omnibus
612 2465 790 2530 salutarem
816 2465 953 2551 inpertit
980 2470 1014 2533 et
1040 2467 1178 2534 vitalem
1193 2486 1220 2531 se

115 2569 149 2620 28
168 2555 319 2623 calorem.
355 2554 407 2621 Ex
429 2577 493 2641 quo
517 2553 727 2638 concluditur,
750 2571 829 2620 cum·
844 2576 956 2622 omnes
974 2556 1087 2622 mundi
1104 2579 1179 2642 par·

165 2649 216 2712 tes
245 2643 468 2711 sustineantur
495 2643 616 2726 calore,
643 2642 799 2708 mundum
822 2643 923 2709 etiam
945 2644 1054 2731 ipsum
1076 2645 1180 2711 simili

165 2733 300 2820 parique
331 2736 452 2799 nutura
479 2731 636 2797 intanta
663 2731 877 2797 diuturnitate
905 2734 1043 2820 servari,
1075 2756 1179 2820 eoque

166 2822 282 2978 aar
301 2821 393 2976 err
406 2818 918 2975 ullelrltrliulr
931 2823 1219 2998 illidit..

774 2959 784 2994 7

167 2998 298 3068 creandi
314 2998 365 3065 vis
384 3001 418 3064 et
435 3018 534 3064 causa
552 2996 715 3084 gignendi,
738 3019 759 3063 a
777 3019 841 3083 quo
861 3001 894 3064 et
912 3000 1093 3066 animantia
1112 3022 1179 3066 om·

165 3089 222 3154 nia
244 3091 278 3153 et
301 3107 353 3171 ea,
380 3107 519 3171 quorum
541 3085 660 3172 stirpes
682 3089 771 3152 terra
792 3086 1009 3173 continentur,
1032 3092 1066 3154 et
1087 3089 1179 3157 nesci

21 3256 23 3265 ,
98 3182 103 3191 ’
168 3177 213 3243 sit
234 3196 366 3241 necesse
388 3178 423 3240 et
445 3195 626 3261 augescere.

21 3276 47 3315 ‘2
113 3236 155 3364 ἐξ
234 3262 364 3330 Natura
386 3267 437 3331 est
455 3264 567 3351 igitur,
590 3284 672 3348 quae
691 3264 857 3331 contineat
874 3264 1031 3331 mundum
1049 3287 1179 3332 omnem

38 3408 43 3417 .
168 3373 305 3438 eumque
333 3355 477 3437 tueatur,
504 3356 538 3417 et
565 3373 604 3418 ea
628 3351 758 3437 quidem
779 3374 846 3419 non
868 3353 938 3419 sine
961 3375 1058 3420 sensu
1080 3359 1179 3440 atque
1192 3373 1219 3417 rc

32 3460 38 3473 ·
168 3439 309 3525 ratione;
337 3463 466 3509 omnem
489 3440 575 3506 enim
597 3444 749 3506 naturam
771 3462 903 3507 necesse
925 3446 984 3526 est,
1007 3465 1091 3528 quae
1112 3466 1180 3510 non

169 3528 319 3595 solitaria
341 3529 386 3595 sit
406 3551 510 3616 neque
534 3529 681 3615 simplex,
705 3528 761 3594 sed
778 3550 852 3594 cum
869 3529 935 3596 alio
954 3531 1064 3597 iuncta
1082 3536 1181 3617 atque

1102 3850 1120 3853 ..
1136 3832 1319 3853 Ν,-..1ι-ι----1
