2652 3908
190 215 251 278 122
507 185 900 269 nonarumnnoaun

186 358 293 427 dicitis
330 379 409 444 ergo
441 357 481 423 de
513 356 695 424 fratribus?
741 355 832 422 Haec
863 354 1045 422 Carneades
1078 355 1197 441 aiebat,

184 469 252 514 non
282 450 321 512 ut
352 446 429 512 deos
461 445 595 513 tolleret
623 442 716 531 (quid
748 446 834 510 enim
863 444 1060 531 philosopho
1088 445 1196 511 minus

186 532 432 622 convenienst),
463 534 520 600 sed
551 538 589 600 ut
616 531 742 600 Stoicos
774 531 858 598 nihil
891 533 930 599 da
958 533 1007 598 dis
1034 533 1196 618 explicaro

186 624 405 708 convinceret,
426 622 537 708 itaque
559 622 798 707 insequebatur.
839 619 923 697 Quid
946 621 1054 687 enim?
1078 621 1196 706 aiebat,
1322 692 1323 703 ,

186 713 215 779 si
241 712 277 778 hi
303 711 422 777 fratres
450 714 527 777 sunt
549 710 584 775 in
605 732 740 776 numero
764 711 910 794 deorum,
939 731 1017 774 num
1041 709 1079 775 de
1102 713 1196 794 patre
1223 726 1237 769 ι
1321 710 1323 715 ’

187 822 298 868 eorum
326 797 466 866 Saturno
498 798 613 885 negari
644 802 769 883 potest,
803 820 899 883 quem
926 798 1025 885 volgo
1056 798 1196 863 maxime

186 890 299 957 colunt
322 888 363 954 ad
386 887 605 954 occidentem?
651 884 713 962 Qui
736 885 765 952 si
788 889 838 951 est
861 886 948 971 deus,
970 889 1097 973 patrem
1120 909 1197 972 quo·

188 999 250 1064 que
278 976 349 1043 eius
372 974 507 1042 Caelum
538 997 608 1041 esse
637 975 731 1040 deum
759 975 977 1041 confitendum
1000 978 1059 1040 est.
1104 974 1197 1051 Quod

187 1068 216 1132 si
246 1066 295 1131 ita
322 1068 386 1149 est,
417 1062 508 1131 Caeli
540 1085 668 1149 quoque
698 1067 849 1151 parentes
883 1063 916 1128 di
943 1063 1083 1128 habendi
1111 1068 1197 1148 sunt,

187 1155 311 1220 Aether
346 1157 379 1219 et
407 1151 500 1236 Dies,
535 1173 709 1237 eorumque
743 1151 862 1217 fratres
897 1156 930 1217 et
961 1173 1105 1235 sorores,
1140 1151 1197 1236 qui
1210 1172 1238 1216 ro

186 1265 220 1397 pss
236 1239 920 1396 hemah)gdhrantliduddedidiamhlddmm's
937 1239 1053 1393 pmpr,
1081 1239 1196 1393 thlus,

187 1353 525 1503 Teendlsr’rae,aMisdria,
539 1352 709 1501 γὸιιέτθῃὲ,
732 1351 998 1502 (ἓωῗὶιξᾝὲυῗ
1004 1350 1197 1502 Idlddtinaddd:

186 1508 321 1593 Parcae,
352 1505 563 1592 Hesperides,
595 1503 741 1590 Somnia,
773 1526 854 1591 quos
887 1506 992 1572 omnis
1023 1504 1131 1572 Erebo
1164 1508 1198 1571 et

188 1596 292 1663 Nocte
321 1599 417 1662 natos
444 1594 564 1661 ferunt.
615 1594 683 1660 Aut
711 1594 814 1681 igitur
843 1593 924 1660 haec
950 1599 1099 1660 monstra
1125 1616 1198 1680 pro-
1211 1612 1238 1655 ro

136 1649 177 1777 ἐξ
189 1685 297 1752 banda
324 1687 400 1749 sunt
427 1687 485 1749 aut
510 1683 618 1769 prima
644 1682 704 1747 illa
730 1682 884 1749 tollenda.
934 1681 1040 1758 Quid?
1072 1682 1198 1768 Apolli·

187 1796 277 1857 nem,
302 1772 500 1855 Volcanum,
526 1770 736 1855 Mercurium,
759 1775 884 1837 ceteros
908 1771 985 1837 deos
1008 1793 1079 1837 esse
1103 1771 1197 1856 dices,

188 1864 227 1928 de
250 1860 405 1945 Hercule,
428 1859 637 1945 Aesculapio,
660 1859 792 1945 Libero,
815 1857 964 1943 Castore,
987 1859 1120 1925 Polluce
1143 1859 1197 1926 du·

188 1950 333 2017 bitabisl
365 1948 412 2015 At
429 1948 465 2013 hi
484 1948 613 2033 quidem
632 1948 783 2014 coluntur
802 1970 903 2033 aeque
922 1952 1020 2033 atque
1033 1948 1093 2032 illi,
1112 1947 1198 2033 apud

189 2039 347 2124 quosdam
366 2037 466 2103 etiam
484 2037 589 2102 multo
604 2037 718 2123 magis.
747 2035 837 2124 Ergo
852 2036 887 2101 hi
901 2036 952 2101 dei
966 2039 1043 2101 sunt
1056 2035 1198 2101 habendi
1212 2056 1239 2097 ac

189 2126 383 2193 mortalibus
397 2125 468 2191 nati
481 2125 664 2191 matribus?
692 2122 797 2200 Quid?
821 2124 1001 2208 Aristaeus,
1020 2124 1077 2209 qui
1091 2124 1198 2190 olivae

189 2216 306 2282 dicitur
328 2214 488 2299 inventor,
510 2212 674 2299 Apollinis
693 2212 790 2296 filius,
813 2212 956 2278 Theseus
975 2212 1128 2299 Neptuni,
1151 2235 1199 2279 re-

190 2304 280 2388 liqui,
298 2324 434 2388 quorum
452 2305 563 2387 patres
582 2301 624 2386 di,
640 2323 706 2366 non
725 2304 819 2366 erunt
837 2300 872 2365 in
890 2301 1023 2367 deorum
1041 2302 1198 2368 numero?

189 2392 281 2476 Quid,
300 2413 437 2475 quorum
456 2390 600 2456 matres?
633 2389 765 2475 Opinor,
785 2389 884 2455 etiam
902 2389 1017 2476 magis.
1047 2387 1094 2455 Ut
1112 2390 1198 2455 enim

188 2482 258 2546 iure
281 2479 383 2564 civili,
412 2479 467 2564 qui
491 2482 541 2544 est
563 2481 668 2544 matre
691 2478 807 2562 libera,
834 2478 918 2544 liber
941 2482 1004 2563 est,
1026 2478 1105 2543 item
1127 2479 1198 2544 iure
1212 2497 1238 2540 aa

189 2573 335 2651 naturae,
358 2567 413 2653 qui
436 2568 497 2632 dea
518 2570 623 2632 matre
647 2571 705 2649 est,
729 2567 806 2632 deus
830 2566 875 2632 sit
891 2587 1021 2633 necesse
1040 2572 1098 2632 est.
1134 2565 1199 2633 Ita·

190 2681 252 2744 que
271 2657 434 2723 Achillem
453 2655 726 2741 Astypalaeenses
749 2654 892 2720 insulani
915 2655 1128 2722 sanctissume
1148 2678 1199 2722 oo·

189 2748 277 2831 lunt3
305 2745 361 2830 qni
384 2745 412 2809 si
435 2743 512 2809 deus
537 2747 601 2828 est,
624 2747 657 2808 et
680 2742 828 2829 Orpheus
852 2747 885 2809 ct
907 2743 1035 2810 Rhesus
1059 2744 1092 2810 di
1114 2749 1200 2829 sunt,

190 2835 285 2901 Musa
307 2836 413 2899 matre
435 2831 515 2915 nati,
537 2830 602 2896 nisi
623 2831 710 2897 forte
732 2832 926 2898 maritumae
948 2832 1081 2919 nuptiae
1101 2837 1199 2899 terre

191 2925 241 2989 nis
270 2925 519 3007 anteponuntur.
565 2918 657 2984 Sibi
680 2919 712 2984 di
734 2942 800 2985 non
824 2925 913 3005 sunt,
940 2921 1017 3006 quia
1038 2943 1198 3006 nusquam
1212 2938 1240 2979 ro

137 3023 171 3075 co
191 3013 351 3094 coluntur,
374 3031 438 3094 quo
462 3007 558 3074 modo
580 3007 632 3072 illi
655 3008 753 3073 sunt?
797 3007 880 3073 Vide
903 3009 1014 3096 igitur,
1036 3030 1077 3075 ne
1100 3009 1199 3074 virtu-

190 3101 279 3165 tibus
301 3097 471 3165 hominum
492 3095 549 3162 isti
571 3095 711 3162 honores
734 3096 925 3184 habeantur,
946 3119 1013 3163 non
1034 3097 1199 3162 immorta-

190 3187 354 3270 litatibus3
378 3185 463 3271 quod
482 3187 520 3249 tu
538 3206 674 3269 quoque,
692 3182 805 3269 Balbe,
823 3185 912 3251 visus
930 3206 964 3251 es
983 3185 1097 3251 dicere.
1129 3182 1199 3260 Quo

191 3276 288 3342 modo
311 3278 420 3339 autem
442 3277 546 3358 potes,
569 3272 597 3338 si
619 3272 782 3339 Latonam
801 3274 894 3338 deam
911 3278 1018 3359 putas,
1040 3273 1198 3340 Hecatam

191 3386 257 3516 pop
267 3365 404 3515 lputare,
428 3382 510 3446 quae
522 3360 801 3517 dmatretphstffiip]
817 3365 876 3445 est,
899 3382 1010 3464 sorore
1032 3361 1199 3515 Latonade?
1214 3379 1241 3422 as

292 3471 348 3515 aec
371 3470 499 3534 quoque
544 3471 582 3515 ea
605 3470 639 3515 es
699 3472 734 3515 vr
801 3471 839 3515 us
863 3471 949 3515 emm
968 3471 1036 3515 erus
1056 3473 1130 3516 aras
1171 3474 1201 3517 e·

191 3539 350 3623 lubraquc
373 3538 407 3603 in
430 3536 575 3604 Graecia.
620 3534 678 3602 Sin
698 3537 780 3604 haec
803 3537 863 3603 dea
886 3540 949 3618 est,
972 3560 1029 3605 cur
1050 3562 1117 3605 non
1138 3539 1202 3604 Eu·
