2654 3924
354 238 502 308 ARGUM,
521 238 590 294 ΜΒ.
608 241 629 294 1.
650 238 726 295 une.
748 247 772 307 1,
790 245 815 294 a
834 245 942 306 §1—3.
1086 237 1151 303 273

141 388 218 450 sunt
249 384 335 450 haud
364 384 478 469 procul
507 384 548 448 ab
581 384 700 449 aetatis
731 383 828 448 huius
860 382 1030 466 memoria,
1066 404 1151 448 com-

142 493 322 539 memorare
345 493 401 538 eos
424 471 546 557 desino,
567 493 609 537 ne
632 472 704 556 quis
723 493 762 537 so
781 474 840 536 aut
857 492 990 536 suorum
1009 470 1151 555 aliquem

141 560 407 647 praetermissum
436 564 599 646 queratur.
643 559 754 626 Unum
775 559 839 625 hoc
862 558 993 643 definio,
1023 562 1151 624 tantam

142 671 212 715 esse
238 649 467 715 necessitatem
496 648 628 715 uirtutis
657 647 768 735 generi
794 646 963 713 hominum
992 650 1155 712 anatura

113 740 335 822 senumque
361 759 506 804 amorem
528 737 571 803 ad
592 759 797 804 communem
820 734 1151 801 salutemdefenden·

141 826 217 891 darn
244 825 369 910 datum,
396 829 434 890 ut
460 847 499 891 aa
520 826 570 891 vis
594 826 703 892 omnia
725 825 949 890 blandimenta
970 824 1151 909 voluptatis

142 914 266 998 otiique
288 914 412 980 vicerit.
537 933 538 936 ’
1008 933 1010 937 ’
1169 965 1191 1029 2

206 1001 276 1068 Nec
302 1023 380 1068 vero
407 1002 528 1068 habere
555 1002 713 1069 virtutem
742 1003 823 1067 satis
851 1005 904 1067 est
930 1002 1023 1086 quasi
1046 1004 1150 1066 artem
1169 1044 1196 1092 2.

143 1090 300 1176 aliquam,
321 1091 386 1156 nisi
410 1092 415 1175 Ι
439 1094 546 1176 utaro3
569 1092 632 1157 et'si
654 1112 709 1157 ars
732 1090 875 1176 quidem,
898 1112 972 1156 cum
995 1112 1033 1155 ea
1056 1091 1097 1171 [p.
1116 1106 1150 1155 78

104 1200 129 1239 ro
141 1201 208 1245 non
229 1184 331 1264 utare,
354 1179 490 1245 scientia
512 1182 624 1245 tamen
640 1179 713 1264 ipsa
730 1181 835 1245 teneri
851 1182 970 1264 potest,
993 1179 1098 1245 virtus
1115 1178 1152 1243 in

142 1289 204 1333 usu
235 1267 286 1333 sni
316 1271 389 1333 tota
420 1268 529 1353 posita
560 1271 623 1351 est3
655 1289 733 1332 usus
766 1271 884 1334 autem
907 1266 976 1333 cius
1008 1271 1059 1332 est
1085 1289 1152 1332 rna·

142 1357 249 1422 ximus
275 1355 419 1422 civitatis
448 1356 642 1442 gubernatio
670 1358 704 1420 et
730 1377 842 1421 earum
867 1354 1013 1440 ipsarum
1034 1374 1152 1440 rerum,

144 1466 223 1528 quas
250 1444 308 1509 isti
334 1445 370 1509 in
395 1444 526 1531 angulis
549 1447 739 1530 personant,
765 1463 893 1529 reapse,
915 1465 982 1509 non
1005 1444 1152 1509 oratione

142 1532 308 1618 perfectio.
343 1531 437 1597 Nihil
460 1530 546 1598 eninr
569 1532 687 1598 dicitur
704 1555 724 1598 a
741 1530 956 1617 philosophis,
980 1531 1066 1617 quod
1085 1531 1153 1616 qui-

105 1640 130 1680 us
144 1620 217 1686 dem
234 1624 322 1687 recte
339 1621 540 1704 honesteque
558 1620 694 1706 dicatur,
716 1620 803 1706 quod
819 1640 883 1685 nou
901 1620 942 1684 ab
961 1619 1003 1684 iis
1021 1624 1152 1705 partum

143 1709 434 1794 confirmatumque
452 1709 506 1794 sit,
526 1730 546 1774 a
565 1709 681 1792 quibus
700 1708 888 1775 civitatibus
906 1708 980 1773 iura
997 1707 1153 1794 discripta

143 1802 228 1863 sunt.
264 1796 358 1863 Unde
377 1797 383 1881 Ι
402 1797 489 1864 enirn
510 1797 617 1883 pietas
636 1800 693 1862 aut
712 1820 731 1862 a
749 1797 867 1882 quibus
885 1795 1025 1882 religio?
1045 1798 1085 1877 [p.
1101 1813 1158 1862 123·

144 1885 227 1951 unde
254 1885 305 1951 ius
332 1889 390 1951 aut
418 1885 564 1972 gentium
588 1889 646 1951 aut
667 1886 729 1953 hoc
751 1885 859 1970 ipsum
882 1884 977 1951 civile
1000 1880 1086 1969 quod
1108 1884 1153 1949 di·

144 1974 250 2039 citur?
273 1973 356 2039 unda
380 1974 517 2058 iustitia,
539 1973 629 2057 fides,
652 1974 821 2059 aequitas?
843 1973 928 2038 unde
945 1973 1058 2059 pudor,
1081 1989 1155 2038 coni

103 2062 296 2146 retinentia,
326 2062 407 2149 iuga
433 2062 658 2148 turpitudinis,
690 2062 877 2148 adpetentia
903 2061 1010 2127 laudis
1026 2065 1071 2127 ⁴et
1096 2061 1153 2127 ho·

144 2151 304 2216 nestatis?
336 2151 422 2216 undo
452 2151 489 2215 in
519 2150 686 2216 laboribus
719 2155 752 2216 et
786 2150 939 2237 periculis
970 2148 1152 2215 fortitudo?

143 2238 269 2326 Nempe
292 2239 334 2305 ab
356 2239 408 2324 iis,
431 2239 488 2325 qui
509 2239 590 2305 haec
609 2238 789 2325 disciplinis
805 2237 984 2305 informata
1001 2238 1069 2304 alia
1086 2261 1153 2305 mo·

142 2328 233 2393 ribus
248 2327 491 2412 confirmarunt,
508 2331 683 2393 sanxerunt
698 2332 807 2392 autem
822 2327 889 2393 alia
901 2327 1039 2414 legibus.
1068 2324 1153 2404 Quin
1171 2343 1187 2391 3

144 2416 243 2482 etiam
265 2415 471 2482 Xenocraten
495 2415 618 2500 ferunt,
644 2416 790 2482 nobilem
816 2415 988 2501 inprimis
1010 2415 1153 2501 philoso

105 2523 131 2563 u
144 2505 259 2590 phum,
285 2526 359 2570 curn
385 2500 602 2590 quaelreretur
625 2525 663 2569 ex
687 2526 739 2587 eo,
767 2504 844 2590 quid
867 2503 1018 2589 adseque-
1041 2506 1081 2586 [p.
1103 2520 1154 2568 124

144 2596 257 2656 rentur
283 2592 352 2657 eius
379 2592 543 2677 discipuli,
573 2593 792 2678 respondisse,
824 2596 862 2657 ut
888 2591 922 2657 id
950 2612 1010 2657 sua
1037 2595 1154 2678 sponte

144 2679 302 2763 facerent,
329 2681 415 2766 quod
441 2683 635 2766 augerentur
660 2680 768 2746 facere
795 2680 933 2768 legibus.
977 2680 1068 2767 Ergo
1095 2681 1153 2745 ille

145 2767 239 2850 civis,
271 2768 326 2852 qui
357 2768 391 2833 id
422 2769 511 2855 cogit
543 2768 648 2833 omnis
674 2768 812 2854 irnperio
839 2769 1013 2856 legumque
1039 2790 1153 2854 poena,

146 2856 232 2939 quod
259 2857 314 2921 vix
340 2856 451 2942 paucis
479 2857 673 2943 persuadere
700 2858 847 2923 oratione
869 2856 1058 2943 philosophi
1080 2878 1153 2943 pos·

105 2962 132 3003 so
146 2947 232 3029 sunt,
254 2943 354 3009 etiarn
376 2944 426 3029 iia,
450 2944 505 3028 qui
527 2944 588 3010 illa
605 2944 782 3031 disputant,
803 2946 885 3031 ipsis
904 2949 955 3011 est
972 2944 1153 3031 praeferen-

146 3033 205 3099 dus
237 3032 439 3105 doctoribus,
476 3031 565 3109 Quae
592 3036 642 3097 est
669 3032 756 3100 enim
783 3034 922 3099 istorum
949 3034 1055 3099 oratio
1082 3038 1153 3099 tam

144 3120 1153 3295 {illibatabtlltttb{hetthim

145 3298 336 3364 admodum
359 3297 489 3363 ‘urbes
512 3319 671 3384 magnas
694 3301 811 3383 atque
833 3299 1093 3385 imperiosas',
1115 3304 1153 3365 ut

104 3405 131 3446 aa
146 3387 291 3472 appellat
313 3386 448 3468 Ennius,
469 3385 584 3451 viculis
604 3390 638 3451 et
655 3387 799 3453 castellis
817 3382 1044 3473 praeferendas
1063 3392 1152 3473 puto,

145 3473 192 3541 sic
222 3496 292 3559 cos,
323 3474 379 3560 qui
409 3474 461 3539 his
493 3475 628 3540 urbibus
660 3476 796 3541 consilio
828 3479 924 3561 atque
957 3477 1151 3541 auctoritate

5 3562 8 3571 ’
144 3566 308 3650 praesunt,
330 3563 380 3647 iis,
404 3563 459 3648 qui
482 3564 588 3630 omnis
610 3564 736 3652 negotii
758 3563 881 3652 publici
904 3568 1051 3652 expertes
1075 3565 1151 3649 sint,

200 3676 336 3719 oro.1v.r
907 3673 940 3724 18
