2654 3912
151 173 216 237 418
557 171 780 243 uniuersus

150 341 223 384 rum
251 318 434 404 ostendere,
460 341 527 384 non
549 318 656 404 video,
684 340 740 385 cur
763 340 834 384 esse
857 319 1090 385 divinationem
1112 341 1170 385 ne·

97 422 131 471 ss
152 428 241 494 gem,
264 411 340 472 sunt
364 412 474 473 autem
498 429 548 493 ea,
572 430 655 493 quae
672 408 782 494 posui3
805 429 844 472 ex
868 409 986 493 quibus
1008 408 1056 491 id,
1078 409 1169 494 quod

150 497 316 581 volumus,
340 495 479 562 efficitur
503 500 536 560 et
559 497 696 582 cogitur.
732 495 804 561 Iam
826 519 905 562 vero
928 497 1167 582 permultorum

151 586 373 671 exemplorum
396 589 429 650 et
451 588 565 650 nostra
588 589 638 650 est
660 585 759 671 plena
781 607 832 651 res
851 585 984 671 publiea
1003 589 1036 651 et
1055 586 1168 650 omnia

150 695 253 760 regna
280 694 455 758 omnesque
482 674 597 760 populi
628 678 826 760 cunctaeque
854 678 968 760 gentes
1003 692 1199 760 augurums

149 762 324 848 praedictis
357 763 462 827 multa
493 762 726 828 incredibiliter
758 784 836 829 vere
863 762 1029 848 cecidisse3
1060 784 1167 847 neque

151 851 237 916 enim
263 850 393 936 Polyidi
421 873 526 936 neque
553 851 769 937 Melampodis
799 873 903 937 neque
926 851 1034 937 Mopsi
1060 872 1169 936 neque

150 939 345 1026 Amphiarai
367 961 471 1024 neque
490 938 691 1006 Calchantis
702 961 806 1025 neque
824 939 943 1005 Heleni
961 944 1090 1005 tantum
1108 961 1169 1004 no·

151 1051 225 1094 men
261 1028 390 1112 fuisset,
426 1050 530 1113 neque
567 1031 619 1094 tot
649 1028 799 1094 nationes
838 1029 871 1093 id
907 1030 949 1094 ad
985 1029 1047 1095 hoc
1085 1032 1166 1093 tem-

150 1138 212 1203 pus
243 1117 469 1201 retinuissent,
505 1121 542 1181 ut
573 1115 756 1204 Phrygum,
792 1116 993 1201 Lycaonum,
1026 1115 1166 1182 Cilicum
1181 1134 1212 1175 ιο

150 1205 354 1290 maximeque
377 1204 571 1289 Pisidarum,
593 1206 658 1270 nisi
679 1209 827 1270 vetustas
851 1226 890 1270 ea
913 1208 1002 1271 certa
1021 1227 1091 1270 esse
1111 1205 1165 1270 do-

151 1294 284 1378 suisset,
314 1316 374 1360 nec
404 1316 482 1360 vero
512 1293 671 1359 Romulus
703 1298 816 1359 noster
848 1294 1017 1380 auspicato
1048 1294 1165 1359 urbem

150 1383 355 1469 condidisset,
377 1405 482 1468 neque
500 1383 574 1447 Atti
592 1381 691 1447 Navii
713 1405 833 1449 nomen
854 1383 1013 1448 memoria
1032 1383 1165 1447 floreret

149 1476 220 1537 tam
247 1471 316 1557 diu,
342 1472 407 1537 nisi
434 1493 546 1537 omnes
574 1471 610 1537 hi
636 1472 742 1537 multa
765 1470 806 1537 ad
828 1471 1002 1550 veritatem
1026 1471 1165 1536 admira-

150 1560 232 1625 bilia
254 1561 420 1625 dixissent.
457 1558 520 1625 Sed
543 1560 676 1625 dubium
699 1582 766 1625 non
788 1564 847 1644 est,
871 1560 949 1645 quin
964 1560 1052 1633 ¹haec
1071 1560 1163 1631 disci·
1179 1576 1208 1617 1⁵

150 1649 242 1735 plina
269 1654 303 1714 et
330 1671 383 1714 ars
412 1670 573 1735 augurum
601 1649 768 1714 evanuerit
795 1649 862 1713 iarn
886 1652 919 1713 et
941 1652 1106 1715 vetustate
1130 1651 1164 1712 et

149 1737 367 1824 neglegentia.
403 1735 456 1802 Ita
477 1759 582 1822 neque
604 1737 656 1801 illi
679 1737 853 1822 adsentior,
877 1737 933 1822 qui
956 1737 1040 1803 hanc
1064 1737 1163 1802 scien-

150 1827 232 1892 tiam
258 1830 358 1913 negat
384 1848 539 1911 umquam
561 1825 597 1890 in
618 1829 733 1891 nostro
756 1825 895 1912 collegio
917 1826 1032 1911 fuisse,
1059 1846 1164 1910 neque

150 1915 214 2000 illi,
247 1915 303 2000 qui
335 1936 405 1980 esse
433 1916 532 1980 etiam
559 1936 645 1980 nuno
672 1918 781 2000 putat3
814 1936 896 2000 quae
924 1915 1006 1979 mihi
1034 1913 1163 1980 videtur

152 2003 238 2089 apud
265 2003 404 2068 maiores
431 2003 532 2068 fuisse
556 2003 688 2089 duplex,
715 2006 752 2068 ut
776 2003 817 2068 ad
838 2003 887 2068 rei
909 2003 1060 2089 publicae
1083 2006 1162 2067 tem·
1177 2020 1207 2061 20

150 2113 212 2177 pus
243 2113 310 2157 non
335 2113 528 2176 numquam,
560 2092 601 2157 ad
629 2091 746 2177 agendi
774 2091 946 2157 consilium
973 2091 1163 2177 saepissime

99 2194 135 2242 34
153 2179 339 2265 pertineret.
376 2181 453 2245 Ara
476 2178 580 2244 Credo
603 2179 712 2245 hercle
735 2179 783 2245 ita
806 2201 876 2245 esse
899 2181 1019 2266 istique
1042 2180 1162 2246 rationi

151 2268 359 2355 potissimum
383 2268 557 2333 adsentior.
593 2265 657 2332 Sed
679 2267 776 2333 redde
799 2273 914 2334 cetera.

101 2359 143 2423 14
217 2357 266 2422 M.
288 2355 434 2421 Reddam
452 2378 539 2440 vero,
563 2360 596 2422 et
613 2356 655 2441 id,
679 2356 708 2421 si
725 2361 850 2443 potero,
871 2357 972 2423 brevi.
1010 2355 1163 2442 Sequitur

153 2444 239 2510 enim
257 2446 296 2510 de
314 2445 384 2510 iure
403 2446 495 2531 belli3
513 2445 548 2510 in
567 2467 630 2531 quo
650 2449 684 2510 et
702 2446 906 2530 suscipiendo
925 2450 958 2511 et
973 2447 1114 2533 gerendo
1129 2448 1163 2510 et
1176 2461 1206 2502 ²⁵

152 2533 339 2620 deponendo
352 2534 403 2599 ius
417 2538 455 2599 ut
468 2535 646 2621 plurimum
659 2534 784 2599 valeret
796 2538 829 2599 et
838 2534 928 2620 fides,
941 2556 1116 2619 eorumque
1125 2538 1162 2598 ut

151 2623 272 2710 publici
289 2623 485 2710 interpretes
500 2627 617 2708 essent,
635 2623 708 2709 lege
723 2622 897 2689 sanximus.
929 2622 1000 2688 Iam
1015 2623 1053 2688 de
1067 2624 1162 2688 haru-

152 2712 278 2797 spicum
300 2712 472 2799 religione,
496 2713 535 2778 de
558 2711 797 2797 expiationibus
821 2715 855 2777 et
876 2712 1161 2797 procurationibus

152 2805 204 2865 sat
219 2822 289 2866 esse
302 2802 398 2887 plane
412 2801 446 2866 in
460 2800 533 2887 ipsa
546 2801 619 2886 lege
633 2801 755 2866 dictum
768 2804 858 2885 puto.
887 2802 963 2868 Ara
977 2801 1170 2884 Adsentior,

152 2890 306 2974 quoniam
321 2890 426 2955 omnis
441 2891 521 2956 haec
534 2889 569 2954 in
582 2889 740 2975 religione
754 2893 904 2955 versatur
918 2890 1032 2955 oratio.
1055 2891 1103 2956 M.
1115 2889 1161 2954 At
1175 2905 1204 2945 ³⁰

151 2999 229 3043 vero
258 2978 345 3062 quod
368 2979 527 3064 sequitur,
556 3000 618 3062 quo
642 2977 738 3042 modo
762 2981 820 3042 aut
841 2982 878 3043 tu
902 2979 1084 3044 adsentiare
1107 2985 1164 3043 aret

98 3079 132 3129 35
152 3087 213 3152 ego
237 3066 484 3152 reprehendam,
508 3089 585 3132 sane
609 3088 743 3151 quaero,
767 3065 849 3130 Tite.
885 3069 961 3134 Ara
985 3065 1069 3143 Quid
1092 3071 1162 3132 tan-

152 3156 226 3218 dem
255 3155 289 3218 id
318 3156 390 3221 est?
435 3157 483 3222 M.
509 3155 559 3220 De
589 3154 756 3220 nocturnis
787 3155 952 3220 sacrificiis
981 3156 1161 3221 mulierum.

151 3244 227 3308 Ara
250 3242 323 3326 Ego
350 3266 428 3309 vero
452 3243 631 3328 adsentior,
661 3246 795 3328 excepto
818 3245 1011 3329 praesertim
1033 3244 1068 3309 in
1090 3245 1162 3330 ipsa
1298 3292 1299 3335 3

150 3331 224 3415 lege
244 3330 395 3395 sollemni
414 3331 571 3397 sacrificio
591 3353 628 3397 ac
645 3331 786 3417 publico.
818 3333 865 3398 M.
885 3331 969 3409 Quid
988 3354 1065 3419 ergo
1086 3338 1201 3417 aget³⁵
1298 3348 1299 3403 ζ

150 3417 285 3482 Iacchus
309 3418 587 3505 Eumolpidaeque
613 3419 718 3485 vostri
744 3422 777 3483 et
801 3425 940 3506 augusta
962 3421 1021 3486 illa
1044 3424 1161 3504 myste-
1298 3430 1299 3449 l

150 3506 210 3588 ria,
236 3506 395 3589 siquidem
419 3530 511 3574 sacra
533 3512 693 3572 nocturna
716 3507 885 3573 tollimus?
908 3530 974 3573 non
997 3509 1084 3574 enim
1105 3530 1160 3593 po·
