<?xml version="1.0" encoding="UTF-8"?>
<!DOCTYPE html PUBLIC "-//W3C//DTD XHTML 1.0 Transitional//EN"
    "http://www.w3.org/TR/xhtml1/DTD/xhtml1-transitional.dtd">
<html xmlns="http://www.w3.org/1999/xhtml" xml:lang="en" lang="en">
 <head>
  <title>
</title>
<meta http-equiv="Content-Type" content="text/html;charset=utf-8" />
  <meta name='ocr-system' content='tesseract 3.04.00' />
  <meta name='ocr-capabilities' content='ocr_page ocr_carea ocr_par ocr_line ocrx_word'/>
</head>
<body>
  <div class='ocr_page' id='page_1' title='image "./mtulliiciceroni00salegoog_0132.png"; bbox 0 0 2652 3908; ppageno 0'>
   <div class='ocr_carea' id='block_1_1' title="bbox 371 177 1142 247">
    <p class='ocr_par' dir='ltr' id='par_1_1' title="bbox 371 177 1142 247">
     <span class='ocr_line' id='line_1_1' title="bbox 371 177 1142 247; baseline 0.009 -13"><span class='ocrx_word' id='word_1_1' title='bbox 371 179 438 239; x_wconf 74' lang='lat' dir='ltr'>Lus</span> <span class='ocrx_word' id='word_1_2' title='bbox 456 181 491 237; x_wconf 86' lang='lat'>11.</span> <span class='ocrx_word' id='word_1_3' title='bbox 518 180 593 235; x_wconf 81' lang='lat' dir='ltr'>cAP.</span> <span class='ocrx_word' id='word_1_4' title='bbox 614 187 729 236; x_wconf 80' lang='lat' dir='ltr'>as-ar.</span> <span class='ocrx_word' id='word_1_5' title='bbox 754 186 903 247; x_wconf 72' lang='lat' dir='ltr'>ese-es.</span> <span class='ocrx_word' id='word_1_6' title='bbox 1100 177 1142 242; x_wconf 75' lang='lat'>79</span> 
     </span>
    </p>
   </div>
   <div class='ocr_carea' id='block_1_2' title="bbox 127 323 1142 482">
    <p class='ocr_par' dir='ltr' id='par_1_2' title="bbox 127 323 1142 482">
     <span class='ocr_line' id='line_1_2' title="bbox 127 323 1142 411; baseline -0.004 -19"><span class='ocrx_word' id='word_1_7' title='bbox 127 324 166 392; x_wconf 84' lang='lat' dir='ltr'>si</span> <span class='ocrx_word' id='word_1_8' title='bbox 191 325 321 411; x_wconf 89' lang='lat' dir='ltr'>quidem</span> <span class='ocrx_word' id='word_1_9' title='bbox 343 348 405 393; x_wconf 91' lang='lat' dir='ltr'>nos</span> <span class='ocrx_word' id='word_1_10' title='bbox 422 348 489 393; x_wconf 92' lang='lat' dir='ltr'>non</span> <span class='ocrx_word' id='word_1_11' title='bbox 508 324 601 411; x_wconf 88' lang='lat' dir='ltr'>quasi</span> <span class='ocrx_word' id='word_1_12' title='bbox 615 324 739 391; x_wconf 78' lang='lat' dir='ltr'>Graece</span> <span class='ocrx_word' id='word_1_13' title='bbox 758 325 946 410; x_wconf 88' lang='lat' dir='ltr'>loquentem</span> <span class='ocrx_word' id='word_1_14' title='bbox 965 323 1142 390; x_wconf 83' lang='lat' dir='ltr'><strong>audiamus.</strong></span> 
     </span>
     <span class='ocr_line' id='line_1_3' title="bbox 128 414 542 482; baseline -0.007 0"><span class='ocrx_word' id='word_1_15' title='bbox 128 414 236 482; x_wconf 92' lang='lat' dir='ltr'>Docet</span> <span class='ocrx_word' id='word_1_16' title='bbox 258 414 345 479; x_wconf 91' lang='lat' dir='ltr'>idem</span> <span class='ocrx_word' id='word_1_17' title='bbox 368 415 435 481; x_wconf 89' lang='lat' dir='ltr'>alio</span> <span class='ocrx_word' id='word_1_18' title='bbox 457 415 542 480; x_wconf 89' lang='lat' dir='ltr'>loco:</span> 
     </span>
    </p>
   </div>
   <div class='ocr_carea' id='block_1_3' title="bbox 119 534 1053 626">
    <p class='ocr_par' dir='ltr' id='par_1_3' title="bbox 119 534 1053 626">
     <span class='ocr_line' id='line_1_4' title="bbox 119 534 1053 626; baseline -0.001 -22"><span class='ocrx_word' id='word_1_19' title='bbox 119 575 124 582; x_wconf 94' lang='lat'>-</span> <span class='ocrx_word' id='word_1_20' title='bbox 221 537 447 626; x_wconf 81' lang='lat' dir='ltr'>Grairigena</span> <span class='ocrx_word' id='word_1_21' title='bbox 469 537 512 603; x_wconf 94' lang='lat' dir='ltr'>de</span> <span class='ocrx_word' id='word_1_22' title='bbox 534 538 636 604; x_wconf 86' lang='lat' dir='ltr'>istoc</span> <span class='ocrx_word' id='word_1_23' title='bbox 659 538 787 624; x_wconf 74' lang='lat' dir='ltr'>aperit</span> <span class='ocrx_word' id='word_1_24' title='bbox 809 539 895 625; x_wconf 89' lang='lat' dir='ltr'>ipsa</span> <span class='ocrx_word' id='word_1_25' title='bbox 917 534 1053 604; x_wconf 78' lang='lat' dir='ltr'>oratio.</span> 
     </span>
    </p>
   </div>
   <div class='ocr_carea' id='block_1_4' title="bbox 87 659 1195 1461">
    <p class='ocr_par' dir='ltr' id='par_1_4' title="bbox 87 659 1195 1461">
     <span class='ocr_line' id='line_1_5' title="bbox 129 659 1195 748; baseline -0.008 -20"><span class='ocrx_word' id='word_1_26' title='bbox 129 661 195 728; x_wconf 88' lang='lat' dir='ltr'>Sed</span> <span class='ocrx_word' id='word_1_27' title='bbox 217 662 259 728; x_wconf 89' lang='lat' dir='ltr'>ad</span> <span class='ocrx_word' id='word_1_28' title='bbox 281 660 408 727; x_wconf 90' lang='lat' dir='ltr'>maiora</span> <span class='ocrx_word' id='word_1_29' title='bbox 428 661 605 727; x_wconf 78' lang='lat' dir='ltr'>redeamus.</span> <span class='ocrx_word' id='word_1_30' title='bbox 645 659 697 727; x_wconf 82' lang='lat' dir='ltr'>Ex</span> <span class='ocrx_word' id='word_1_31' title='bbox 720 661 851 729; x_wconf 75' lang='lat' dir='ltr'>aethere</span> <span class='ocrx_word' id='word_1_32' title='bbox 872 661 976 748; x_wconf 85' lang='lat' dir='ltr'>igitur</span> <span class='ocrx_word' id='word_1_33' title='bbox 997 661 1141 725; x_wconf 90' lang='lat' dir='ltr'>innume·</span> <span class='ocrx_word' id='word_1_34' title='bbox 1160 670 1195 720; x_wconf 78' lang='lat'>92</span> 
     </span>
     <span class='ocr_line' id='line_1_6' title="bbox 96 748 1144 835; baseline -0.002 -22"><span class='ocrx_word' id='word_1_35' title='bbox 96 751 251 816; x_wconf 73' lang='lat' dir='ltr'>arabiles</span> <span class='ocrx_word' id='word_1_36' title='bbox 280 749 430 816; x_wconf 88' lang='lat' dir='ltr'>flammae</span> <span class='ocrx_word' id='word_1_37' title='bbox 459 749 600 816; x_wconf 89' lang='lat' dir='ltr'>siderum</span> <span class='ocrx_word' id='word_1_38' title='bbox 623 750 798 834; x_wconf 88' lang='lat' dir='ltr'>exsistunt,</span> <span class='ocrx_word' id='word_1_39' title='bbox 825 770 962 835; x_wconf 87' lang='lat' dir='ltr'>quorum</span> <span class='ocrx_word' id='word_1_40' title='bbox 985 752 1035 814; x_wconf 90' lang='lat' dir='ltr'>est</span> <span class='ocrx_word' id='word_1_41' title='bbox 1056 748 1144 833; x_wconf 88' lang='lat' dir='ltr'>prin·</span> 
     </span>
     <span class='ocr_line' id='line_1_7' title="bbox 131 835 1142 926; baseline -0.005 -21"><span class='ocrx_word' id='word_1_42' title='bbox 131 862 208 926; x_wconf 87' lang='lat' dir='ltr'>ceps</span> <span class='ocrx_word' id='word_1_43' title='bbox 241 839 290 905; x_wconf 92' lang='lat' dir='ltr'>sol</span> <span class='ocrx_word' id='word_1_44' title='bbox 324 838 434 905; x_wconf 89' lang='lat' dir='ltr'>omnia</span> <span class='ocrx_word' id='word_1_45' title='bbox 464 838 647 904; x_wconf 88' lang='lat' dir='ltr'>clarissima</span> <span class='ocrx_word' id='word_1_46' title='bbox 676 839 747 905; x_wconf 90' lang='lat' dir='ltr'>luce</span> <span class='ocrx_word' id='word_1_47' title='bbox 777 839 998 922; x_wconf 77' lang='lat' dir='ltr'><strong>conlustrans,</strong></span> <span class='ocrx_word' id='word_1_48' title='bbox 1029 835 1142 902; x_wconf 89' lang='lat' dir='ltr'>multis</span> 
     </span>
     <span class='ocr_line' id='line_1_8' title="bbox 129 925 1144 1014; baseline -0.004 -21"><span class='ocrx_word' id='word_1_49' title='bbox 129 927 282 1014; x_wconf 87' lang='lat' dir='ltr'>partibus</span> <span class='ocrx_word' id='word_1_50' title='bbox 312 928 418 993; x_wconf 88' lang='lat' dir='ltr'>maior</span> <span class='ocrx_word' id='word_1_51' title='bbox 447 931 544 1012; x_wconf 91' lang='lat' dir='ltr'>atque</span> <span class='ocrx_word' id='word_1_52' title='bbox 575 927 716 1012; x_wconf 89' lang='lat' dir='ltr'>amplior</span> <span class='ocrx_word' id='word_1_53' title='bbox 742 948 841 1011; x_wconf 88' lang='lat' dir='ltr'>quam</span> <span class='ocrx_word' id='word_1_54' title='bbox 867 930 956 992; x_wconf 88' lang='lat' dir='ltr'>terra</span> <span class='ocrx_word' id='word_1_55' title='bbox 982 925 1144 1009; x_wconf 77' lang='lat' dir='ltr'>universa,</span> 
     </span>
     <span class='ocr_line' id='line_1_9' title="bbox 130 1013 1143 1101; baseline -0.003 -20"><span class='ocrx_word' id='word_1_56' title='bbox 130 1015 247 1082; x_wconf 91' lang='lat' dir='ltr'>deinde</span> <span class='ocrx_word' id='word_1_57' title='bbox 270 1015 395 1101; x_wconf 88' lang='lat' dir='ltr'>reliqua</span> <span class='ocrx_word' id='word_1_58' title='bbox 413 1016 520 1081; x_wconf 89' lang='lat' dir='ltr'>sidera</span> <span class='ocrx_word' id='word_1_59' title='bbox 537 1015 813 1100; x_wconf 78' lang='lat' dir='ltr'><strong>magnitudinibus</strong></span> <span class='ocrx_word' id='word_1_60' title='bbox 833 1015 998 1080; x_wconf 88' lang='lat' dir='ltr'>inmensis.</span> <span class='ocrx_word' id='word_1_61' title='bbox 1033 1013 1143 1098; x_wconf 80' lang='lat' dir='ltr'>Atque</span> 
     </span>
     <span class='ocr_line' id='line_1_10' title="bbox 129 1102 1145 1191; baseline -0.003 -21"><span class='ocrx_word' id='word_1_62' title='bbox 129 1105 167 1170; x_wconf 92' lang='lat' dir='ltr'>hi</span> <span class='ocrx_word' id='word_1_63' title='bbox 194 1104 281 1170; x_wconf 88' lang='lat' dir='ltr'>tanti</span> <span class='ocrx_word' id='word_1_64' title='bbox 308 1105 402 1191; x_wconf 79' lang='lat' dir='ltr'>ignes</span> <span class='ocrx_word' id='word_1_65' title='bbox 430 1108 560 1189; x_wconf 85' lang='lat' dir='ltr'>tamque</span> <span class='ocrx_word' id='word_1_66' title='bbox 588 1104 686 1168; x_wconf 88' lang='lat' dir='ltr'>multi</span> <span class='ocrx_word' id='word_1_67' title='bbox 712 1125 779 1169; x_wconf 91' lang='lat' dir='ltr'>non</span> <span class='ocrx_word' id='word_1_68' title='bbox 801 1103 897 1170; x_wconf 88' lang='lat' dir='ltr'>modo</span> <span class='ocrx_word' id='word_1_69' title='bbox 919 1102 1002 1169; x_wconf 88' lang='lat' dir='ltr'>nihil</span> <span class='ocrx_word' id='word_1_70' title='bbox 1026 1105 1145 1168; x_wconf 91' lang='lat' dir='ltr'>nocent</span> 
     </span>
     <span class='ocr_line' id='line_1_11' title="bbox 87 1190 1144 1278; baseline 0 -24"><span class='ocrx_word' id='word_1_71' title='bbox 87 1194 230 1259; x_wconf 78' lang='lat' dir='ltr'>saterris</span> <span class='ocrx_word' id='word_1_72' title='bbox 254 1192 415 1276; x_wconf 83' lang='lat' dir='ltr'>rebusque</span> <span class='ocrx_word' id='word_1_73' title='bbox 441 1192 667 1277; x_wconf 74' lang='lat' dir='ltr'>terrestribus,</span> <span class='ocrx_word' id='word_1_74' title='bbox 698 1192 754 1258; x_wconf 90' lang='lat' dir='ltr'>sed</span> <span class='ocrx_word' id='word_1_75' title='bbox 781 1192 830 1257; x_wconf 87' lang='lat' dir='ltr'>ita</span> <span class='ocrx_word' id='word_1_76' title='bbox 855 1195 1006 1278; x_wconf 86' lang='lat' dir='ltr'>prosunt,</span> <span class='ocrx_word' id='word_1_77' title='bbox 1038 1195 1088 1274; x_wconf 86' lang='lat' dir='ltr'>ut,</span> <span class='ocrx_word' id='word_1_78' title='bbox 1114 1190 1144 1255; x_wconf 92' lang='lat' dir='ltr'>si</span> 
     </span>
     <span class='ocr_line' id='line_1_12' title="bbox 131 1278 1143 1367; baseline -0.003 -20"><span class='ocrx_word' id='word_1_79' title='bbox 131 1285 224 1348; x_wconf 88' lang='lat' dir='ltr'>mota</span> <span class='ocrx_word' id='word_1_80' title='bbox 245 1281 318 1347; x_wconf 91' lang='lat' dir='ltr'>loeo</span> <span class='ocrx_word' id='word_1_81' title='bbox 342 1281 418 1365; x_wconf 90' lang='lat' dir='ltr'>sint,</span> <span class='ocrx_word' id='word_1_82' title='bbox 439 1280 639 1367; x_wconf 80' lang='lat' dir='ltr'>conflagrare</span> <span class='ocrx_word' id='word_1_83' title='bbox 661 1283 765 1346; x_wconf 86' lang='lat' dir='ltr'>terras</span> <span class='ocrx_word' id='word_1_84' title='bbox 787 1300 921 1346; x_wconf 89' lang='lat' dir='ltr'>necesse</span> <span class='ocrx_word' id='word_1_85' title='bbox 943 1281 988 1345; x_wconf 92' lang='lat' dir='ltr'>sit</span> <span class='ocrx_word' id='word_1_86' title='bbox 1005 1301 1025 1344; x_wconf 91' lang='lat' dir='ltr'>a</span> <span class='ocrx_word' id='word_1_87' title='bbox 1042 1278 1143 1345; x_wconf 88' lang='lat' dir='ltr'>tantis</span> 
     </span>
     <span class='ocr_line' id='line_1_13' title="bbox 131 1367 1023 1461; baseline -0.004 -25"><span class='ocrx_word' id='word_1_88' title='bbox 131 1369 302 1436; x_wconf 85' lang='lat' dir='ltr'>ardoribus</span> <span class='ocrx_word' id='word_1_89' title='bbox 320 1367 547 1461; x_wconf 29' lang='lat' dir='ltr'>&#39;moderatione</span> <span class='ocrx_word' id='word_1_90' title='bbox 570 1372 604 1433; x_wconf 87' lang='lat' dir='ltr'>et</span> <span class='ocrx_word' id='word_1_91' title='bbox 626 1369 861 1453; x_wconf 82' lang='lat' dir='ltr'>temperatione</span> <span class='ocrx_word' id='word_1_92' title='bbox 884 1368 1023 1434; x_wconf 88' lang='lat' dir='ltr'>sublata.</span> 
     </span>
    </p>
   </div>
   <div class='ocr_carea' id='block_1_5' title="bbox 88 1473 1198 3593">
    <p class='ocr_par' dir='ltr' id='par_1_5' title="bbox 88 1473 1196 2269">
     <span class='ocr_line' id='line_1_14' title="bbox 197 1473 1196 1563; baseline -0.001 -22"><span class='ocrx_word' id='word_1_93' title='bbox 197 1473 262 1542; x_wconf 89' lang='lat' dir='ltr'>Hic</span> <span class='ocrx_word' id='word_1_94' title='bbox 285 1496 348 1563; x_wconf 84' lang='lat' dir='ltr'>ego</span> <span class='ocrx_word' id='word_1_95' title='bbox 369 1496 435 1541; x_wconf 91' lang='lat' dir='ltr'>non</span> <span class='ocrx_word' id='word_1_96' title='bbox 458 1474 557 1540; x_wconf 89' lang='lat' dir='ltr'>mirer</span> <span class='ocrx_word' id='word_1_97' title='bbox 580 1495 650 1540; x_wconf 91' lang='lat' dir='ltr'>esse</span> <span class='ocrx_word' id='word_1_98' title='bbox 673 1496 882 1560; x_wconf 86' lang='lat' dir='ltr'>quemquam,</span> <span class='ocrx_word' id='word_1_99' title='bbox 910 1475 966 1559; x_wconf 87' lang='lat' dir='ltr'>qui</span> <span class='ocrx_word' id='word_1_100' title='bbox 988 1474 1052 1540; x_wconf 86' lang='lat' dir='ltr'>sibi</span> <span class='ocrx_word' id='word_1_101' title='bbox 1073 1497 1144 1561; x_wconf 92' lang='lat' dir='ltr'>per·</span> <span class='ocrx_word' id='word_1_102' title='bbox 1163 1512 1196 1560; x_wconf 80' lang='lat'>93</span> 
     </span>
     <span class='ocr_line' id='line_1_15' title="bbox 131 1562 1146 1649; baseline -0.001 -19"><span class='ocrx_word' id='word_1_103' title='bbox 131 1563 270 1630; x_wconf 82' lang='lat' dir='ltr'>suadeat</span> <span class='ocrx_word' id='word_1_104' title='bbox 292 1584 430 1649; x_wconf 88' lang='lat' dir='ltr'>corpora</span> <span class='ocrx_word' id='word_1_105' title='bbox 453 1563 612 1648; x_wconf 89' lang='lat' dir='ltr'>quaedam</span> <span class='ocrx_word' id='word_1_106' title='bbox 635 1563 739 1628; x_wconf 88' lang='lat' dir='ltr'>solida</span> <span class='ocrx_word' id='word_1_107' title='bbox 762 1566 859 1648; x_wconf 88' lang='lat' dir='ltr'>atque</span> <span class='ocrx_word' id='word_1_108' title='bbox 877 1562 1044 1628; x_wconf 85' lang='lat' dir='ltr'>individua</span> <span class='ocrx_word' id='word_1_109' title='bbox 1060 1566 1094 1629; x_wconf 83' lang='lat' dir='ltr'>vi</span> <span class='ocrx_word' id='word_1_110' title='bbox 1112 1568 1146 1629; x_wconf 93' lang='lat' dir='ltr'>et</span> 
     </span>
     <span class='ocr_line' id='line_1_16' title="bbox 88 1651 1146 1740; baseline 0.003 -26"><span class='ocrx_word' id='word_1_111' title='bbox 88 1672 118 1714; x_wconf 81' lang='lat' dir='ltr'>rs</span> <span class='ocrx_word' id='word_1_112' title='bbox 132 1653 299 1740; x_wconf 81' lang='lat' dir='ltr'>gravitate</span> <span class='ocrx_word' id='word_1_113' title='bbox 316 1651 405 1736; x_wconf 83' lang='lat' dir='ltr'>ferri,</span> <span class='ocrx_word' id='word_1_114' title='bbox 423 1652 641 1736; x_wconf 89' lang='lat' dir='ltr'>mundumque</span> <span class='ocrx_word' id='word_1_115' title='bbox 660 1651 744 1717; x_wconf 88' lang='lat' dir='ltr'>effici</span> <span class='ocrx_word' id='word_1_116' title='bbox 763 1651 1007 1716; x_wconf 89' lang='lat' dir='ltr'>ornatissimum</span> <span class='ocrx_word' id='word_1_117' title='bbox 1025 1654 1059 1716; x_wconf 90' lang='lat' dir='ltr'>et</span> <span class='ocrx_word' id='word_1_118' title='bbox 1077 1652 1146 1736; x_wconf 91' lang='lat' dir='ltr'>pul·</span> 
     </span>
     <span class='ocr_line' id='line_1_17' title="bbox 132 1738 1145 1826; baseline -0.003 -18"><span class='ocrx_word' id='word_1_119' title='bbox 132 1741 331 1808; x_wconf 89' lang='lat' dir='ltr'>cherrimum</span> <span class='ocrx_word' id='word_1_120' title='bbox 358 1762 398 1806; x_wconf 88' lang='lat' dir='ltr'>ex</span> <span class='ocrx_word' id='word_1_121' title='bbox 425 1762 536 1806; x_wconf 88' lang='lat' dir='ltr'>eorum</span> <span class='ocrx_word' id='word_1_122' title='bbox 560 1761 732 1826; x_wconf 87' lang='lat' dir='ltr'>corporum</span> <span class='ocrx_word' id='word_1_123' title='bbox 755 1739 964 1806; x_wconf 81' lang='lat' dir='ltr'>concursione</span> <span class='ocrx_word' id='word_1_124' title='bbox 985 1738 1145 1805; x_wconf 77' lang='lat' dir='ltr'>fortuita?</span> 
     </span>
     <span class='ocr_line' id='line_1_18' title="bbox 130 1826 1146 1915; baseline -0.003 -19"><span class='ocrx_word' id='word_1_125' title='bbox 130 1829 206 1897; x_wconf 90' lang='lat' dir='ltr'>Hoc</span> <span class='ocrx_word' id='word_1_126' title='bbox 233 1829 289 1915; x_wconf 91' lang='lat' dir='ltr'>qui</span> <span class='ocrx_word' id='word_1_127' title='bbox 317 1828 482 1895; x_wconf 86' lang='lat' dir='ltr'>existimat</span> <span class='ocrx_word' id='word_1_128' title='bbox 508 1826 581 1894; x_wconf 89' lang='lat' dir='ltr'>fieri</span> <span class='ocrx_word' id='word_1_129' title='bbox 606 1829 767 1914; x_wconf 85' lang='lat' dir='ltr'>potuisse,</span> <span class='ocrx_word' id='word_1_130' title='bbox 797 1850 864 1894; x_wconf 92' lang='lat' dir='ltr'>non</span> <span class='ocrx_word' id='word_1_131' title='bbox 886 1827 1057 1913; x_wconf 83' lang='lat' dir='ltr'>intellego,</span> <span class='ocrx_word' id='word_1_132' title='bbox 1089 1850 1146 1895; x_wconf 91' lang='lat' dir='ltr'>cur</span> 
     </span>
     <span class='ocr_line' id='line_1_19' title="bbox 131 1916 1145 2004; baseline -0.001 -20"><span class='ocrx_word' id='word_1_133' title='bbox 131 1940 200 1986; x_wconf 89' lang='lat' dir='ltr'>nun</span> <span class='ocrx_word' id='word_1_134' title='bbox 223 1917 310 1984; x_wconf 90' lang='lat' dir='ltr'>idem</span> <span class='ocrx_word' id='word_1_135' title='bbox 331 1921 435 2003; x_wconf 89' lang='lat' dir='ltr'>putet,</span> <span class='ocrx_word' id='word_1_136' title='bbox 458 1917 486 1983; x_wconf 91' lang='lat' dir='ltr'>si</span> <span class='ocrx_word' id='word_1_137' title='bbox 508 1916 762 1982; x_wconf 87' lang='lat' dir='ltr'>innumerabiles</span> <span class='ocrx_word' id='word_1_138' title='bbox 779 1916 875 1982; x_wconf 90' lang='lat' dir='ltr'>unius</span> <span class='ocrx_word' id='word_1_139' title='bbox 894 1920 927 1982; x_wconf 87' lang='lat' dir='ltr'>et</span> <span class='ocrx_word' id='word_1_140' title='bbox 944 1917 1063 2004; x_wconf 77' lang='lat' dir='ltr'>viginti</span> <span class='ocrx_word' id='word_1_141' title='bbox 1080 1917 1145 1983; x_wconf 85' lang='lat' dir='ltr'>for-</span> 
     </span>
     <span class='ocr_line' id='line_1_20' title="bbox 132 2004 1145 2091; baseline 0 -18"><span class='ocrx_word' id='word_1_142' title='bbox 132 2028 207 2073; x_wconf 85' lang='lat' dir='ltr'>mae</span> <span class='ocrx_word' id='word_1_143' title='bbox 231 2008 416 2072; x_wconf 87' lang='lat' dir='ltr'>litterarum</span> <span class='ocrx_word' id='word_1_144' title='bbox 437 2005 491 2071; x_wconf 80' lang='lat' dir='ltr'>vel</span> <span class='ocrx_word' id='word_1_145' title='bbox 515 2027 630 2071; x_wconf 83' lang='lat' dir='ltr'>aureae</span> <span class='ocrx_word' id='word_1_146' title='bbox 652 2006 705 2070; x_wconf 80' lang='lat' dir='ltr'>vel</span> <span class='ocrx_word' id='word_1_147' title='bbox 730 2004 927 2091; x_wconf 87' lang='lat' dir='ltr'>qualeslibet</span> <span class='ocrx_word' id='word_1_148' title='bbox 950 2006 1059 2091; x_wconf 89' lang='lat' dir='ltr'>aliquo</span> <span class='ocrx_word' id='word_1_149' title='bbox 1083 2006 1145 2073; x_wconf 87' lang='lat' dir='ltr'>coi-</span> 
     </span>
     <span class='ocr_line' id='line_1_21' title="bbox 89 2093 1145 2181; baseline 0.003 -25"><span class='ocrx_word' id='word_1_150' title='bbox 89 2115 119 2156; x_wconf 81' lang='lat' dir='ltr'>so</span> <span class='ocrx_word' id='word_1_151' title='bbox 131 2097 273 2180; x_wconf 87' lang='lat' dir='ltr'>cientur,</span> <span class='ocrx_word' id='word_1_152' title='bbox 294 2116 391 2181; x_wconf 90' lang='lat' dir='ltr'>posse</span> <span class='ocrx_word' id='word_1_153' title='bbox 415 2116 454 2159; x_wconf 84' lang='lat' dir='ltr'>ex</span> <span class='ocrx_word' id='word_1_154' title='bbox 472 2094 512 2160; x_wconf 91' lang='lat' dir='ltr'>iis</span> <span class='ocrx_word' id='word_1_155' title='bbox 531 2093 706 2159; x_wconf 88' lang='lat' dir='ltr'>interram</span> <span class='ocrx_word' id='word_1_156' title='bbox 725 2094 866 2160; x_wconf 86' lang='lat' dir='ltr'>excussis</span> <span class='ocrx_word' id='word_1_157' title='bbox 884 2095 1019 2159; x_wconf 89' lang='lat' dir='ltr'>annales</span> <span class='ocrx_word' id='word_1_158' title='bbox 1037 2093 1145 2179; x_wconf 80' lang='lat' dir='ltr'>Ennii,</span> 
     </span>
     <span class='ocr_line' id='line_1_22' title="bbox 132 2181 1146 2269; baseline 0 -20"><span class='ocrx_word' id='word_1_159' title='bbox 132 2188 171 2249; x_wconf 86' lang='lat' dir='ltr'>nt</span> <span class='ocrx_word' id='word_1_160' title='bbox 194 2183 344 2268; x_wconf 87' lang='lat' dir='ltr'>deinceps</span> <span class='ocrx_word' id='word_1_161' title='bbox 369 2182 436 2269; x_wconf 83' lang='lat' dir='ltr'>legi</span> <span class='ocrx_word' id='word_1_162' title='bbox 457 2181 596 2268; x_wconf 90' lang='lat' dir='ltr'>possint,</span> <span class='ocrx_word' id='word_1_163' title='bbox 619 2181 717 2266; x_wconf 82' lang='lat' dir='ltr'>effici3</span> <span class='ocrx_word' id='word_1_164' title='bbox 740 2182 827 2267; x_wconf 90' lang='lat' dir='ltr'>quod</span> <span class='ocrx_word' id='word_1_165' title='bbox 848 2183 957 2248; x_wconf 90' lang='lat' dir='ltr'>nescio</span> <span class='ocrx_word' id='word_1_166' title='bbox 981 2205 1024 2247; x_wconf 90' lang='lat' dir='ltr'>an</span> <span class='ocrx_word' id='word_1_167' title='bbox 1045 2204 1086 2249; x_wconf 91' lang='lat' dir='ltr'>ne</span> <span class='ocrx_word' id='word_1_168' title='bbox 1109 2184 1146 2249; x_wconf 92' lang='lat' dir='ltr'>in</span> 
     </span>
    </p>

    <p class='ocr_par' dir='ltr' id='par_1_6' title="bbox 90 2270 1198 3332">
     <span class='ocr_line' id='line_1_23' title="bbox 132 2270 1198 2358; baseline -0.002 -19"><span class='ocrx_word' id='word_1_169' title='bbox 132 2294 200 2339; x_wconf 89' lang='lat' dir='ltr'>uno</span> <span class='ocrx_word' id='word_1_170' title='bbox 224 2271 354 2358; x_wconf 84' lang='lat' dir='ltr'>quidem</span> <span class='ocrx_word' id='word_1_171' title='bbox 377 2292 473 2336; x_wconf 84' lang='lat' dir='ltr'>versu</span> <span class='ocrx_word' id='word_1_172' title='bbox 495 2271 603 2356; x_wconf 88' lang='lat' dir='ltr'>possit</span> <span class='ocrx_word' id='word_1_173' title='bbox 623 2274 753 2336; x_wconf 89' lang='lat' dir='ltr'>tantum</span> <span class='ocrx_word' id='word_1_174' title='bbox 775 2272 884 2336; x_wconf 77' lang='lat' dir='ltr'>valere</span> <span class='ocrx_word' id='word_1_175' title='bbox 901 2270 1043 2337; x_wconf 85' lang='lat' dir='ltr'>fortuna.</span> <span class='ocrx_word' id='word_1_176' title='bbox 1083 2271 1145 2337; x_wconf 90' lang='lat' dir='ltr'>Isti</span> <span class='ocrx_word' id='word_1_177' title='bbox 1164 2279 1198 2328; x_wconf 75' lang='grc'>94</span> 
     </span>
     <span class='ocr_line' id='line_1_24' title="bbox 133 2359 1145 2446; baseline -0.001 -19"><span class='ocrx_word' id='word_1_178' title='bbox 133 2365 246 2427; x_wconf 85' lang='lat' dir='ltr'>autern</span> <span class='ocrx_word' id='word_1_179' title='bbox 269 2382 364 2446; x_wconf 91' lang='lat' dir='ltr'>quem</span> <span class='ocrx_word' id='word_1_180' title='bbox 384 2359 426 2429; x_wconf 85' lang='lat' dir='ltr'>ad</span> <span class='ocrx_word' id='word_1_181' title='bbox 444 2359 575 2425; x_wconf 84' lang='lat' dir='ltr'>modurn</span> <span class='ocrx_word' id='word_1_182' title='bbox 594 2359 844 2426; x_wconf 83' lang='lat' dir='ltr'>adseveranter</span> <span class='ocrx_word' id='word_1_183' title='bbox 862 2360 1062 2445; x_wconf 88' lang='lat' dir='ltr'>corpusculis</span> <span class='ocrx_word' id='word_1_184' title='bbox 1080 2383 1145 2426; x_wconf 91' lang='lat' dir='ltr'>non</span> 
     </span>
     <span class='ocr_line' id='line_1_25' title="bbox 134 2445 1147 2533; baseline -0.001 -17"><span class='ocrx_word' id='word_1_185' title='bbox 134 2451 259 2533; x_wconf 88' lang='lat' dir='ltr'>calore,</span> <span class='ocrx_word' id='word_1_186' title='bbox 285 2470 352 2515; x_wconf 91' lang='lat' dir='ltr'>non</span> <span class='ocrx_word' id='word_1_187' title='bbox 381 2448 540 2533; x_wconf 80' lang='lat' dir='ltr'>qualitate</span> <span class='ocrx_word' id='word_1_188' title='bbox 569 2448 691 2533; x_wconf 89' lang='lat' dir='ltr'>aliqua,</span> <span class='ocrx_word' id='word_1_189' title='bbox 718 2469 817 2533; x_wconf 89' lang='lat' dir='ltr'>quam</span> <span class='ocrx_word' id='word_1_190' title='bbox 843 2445 1003 2533; x_wconf 82' lang='grc' dir='ltr'><strong><em>ποιότητα</em></strong></span> <span class='ocrx_word' id='word_1_191' title='bbox 1031 2447 1147 2515; x_wconf 84' lang='lat' dir='ltr'>Graeci</span> 
     </span>
     <span class='ocr_line' id='line_1_26' title="bbox 90 2535 1145 2622; baseline 0.005 -24"><span class='ocrx_word' id='word_1_192' title='bbox 90 2556 119 2598; x_wconf 79' lang='lat' dir='ltr'>ss</span> <span class='ocrx_word' id='word_1_193' title='bbox 133 2541 263 2622; x_wconf 86' lang='lat' dir='ltr'>vocant,</span> <span class='ocrx_word' id='word_1_194' title='bbox 285 2558 351 2604; x_wconf 91' lang='lat' dir='ltr'>non</span> <span class='ocrx_word' id='word_1_195' title='bbox 370 2557 467 2602; x_wconf 89' lang='lat' dir='ltr'>sensu</span> <span class='ocrx_word' id='word_1_196' title='bbox 485 2535 650 2622; x_wconf 89' lang='lat' dir='ltr'>praeditis,</span> <span class='ocrx_word' id='word_1_197' title='bbox 669 2535 726 2601; x_wconf 90' lang='lat' dir='ltr'>sed</span> <span class='ocrx_word' id='word_1_198' title='bbox 746 2537 1010 2602; x_wconf 87' lang='lat' dir='ltr'>concurrentibus</span> <span class='ocrx_word' id='word_1_199' title='bbox 1024 2540 1145 2603; x_wconf 90' lang='lat' dir='ltr'>temere</span> 
     </span>
     <span class='ocr_line' id='line_1_27' title="bbox 133 2624 1146 2712; baseline 0 -21"><span class='ocrx_word' id='word_1_200' title='bbox 133 2631 234 2712; x_wconf 85' lang='lat' dir='ltr'>atque</span> <span class='ocrx_word' id='word_1_201' title='bbox 253 2646 330 2693; x_wconf 89' lang='lat' dir='ltr'>casu</span> <span class='ocrx_word' id='word_1_202' title='bbox 348 2625 504 2691; x_wconf 86' lang='lat' dir='ltr'>mundum</span> <span class='ocrx_word' id='word_1_203' title='bbox 522 2645 592 2691; x_wconf 90' lang='lat' dir='ltr'>esse</span> <span class='ocrx_word' id='word_1_204' title='bbox 610 2624 800 2710; x_wconf 83' lang='lat' dir='ltr'>perfectum,</span> <span class='ocrx_word' id='word_1_205' title='bbox 821 2625 874 2690; x_wconf 83' lang='lat' dir='ltr'>rel</span> <span class='ocrx_word' id='word_1_206' title='bbox 892 2625 1146 2691; x_wconf 88' lang='lat' dir='ltr'>innumerabiles</span> 
     </span>
     <span class='ocr_line' id='line_1_28' title="bbox 133 2713 1146 2802; baseline -0.002 -21"><span class='ocrx_word' id='word_1_207' title='bbox 133 2715 245 2802; x_wconf 90' lang='lat' dir='ltr'>potius</span> <span class='ocrx_word' id='word_1_208' title='bbox 268 2715 304 2780; x_wconf 93' lang='lat' dir='ltr'>in</span> <span class='ocrx_word' id='word_1_209' title='bbox 326 2714 415 2780; x_wconf 92' lang='lat' dir='ltr'>omni</span> <span class='ocrx_word' id='word_1_210' title='bbox 437 2716 559 2800; x_wconf 88' lang='lat' dir='ltr'>puncto</span> <span class='ocrx_word' id='word_1_211' title='bbox 581 2713 739 2799; x_wconf 87' lang='lat' dir='ltr'>temporis</span> <span class='ocrx_word' id='word_1_212' title='bbox 763 2713 844 2780; x_wconf 89' lang='lat' dir='ltr'>alios</span> <span class='ocrx_word' id='word_1_213' title='bbox 867 2714 970 2800; x_wconf 88' lang='lat' dir='ltr'>nasci,</span> <span class='ocrx_word' id='word_1_214' title='bbox 993 2714 1076 2780; x_wconf 89' lang='lat' dir='ltr'>alios</span> <span class='ocrx_word' id='word_1_215' title='bbox 1099 2714 1146 2779; x_wconf 93' lang='lat' dir='ltr'>in·</span> 
     </span>
     <span class='ocr_line' id='line_1_29' title="bbox 133 2799 1146 2888; baseline -0.003 -18"><span class='ocrx_word' id='word_1_216' title='bbox 133 2802 257 2870; x_wconf 79' lang='lat' dir='ltr'>terire?</span> <span class='ocrx_word' id='word_1_217' title='bbox 311 2799 434 2879; x_wconf 85' lang='lat' dir='ltr'>Quodsi</span> <span class='ocrx_word' id='word_1_218' title='bbox 472 2801 627 2867; x_wconf 88' lang='lat' dir='ltr'>mundum</span> <span class='ocrx_word' id='word_1_219' title='bbox 664 2800 790 2868; x_wconf 86' lang='lat' dir='ltr'>efficere</span> <span class='ocrx_word' id='word_1_220' title='bbox 825 2805 936 2888; x_wconf 91' lang='lat' dir='ltr'>potest</span> <span class='ocrx_word' id='word_1_221' title='bbox 972 2823 1146 2868; x_wconf 90' lang='lat' dir='ltr'>concursus</span> 
     </span>
     <span class='ocr_line' id='line_1_30' title="bbox 134 2889 1146 2977; baseline -0.003 -18"><span class='ocrx_word' id='word_1_222' title='bbox 134 2896 335 2976; x_wconf 88' lang='lat' dir='ltr'>atomorum,</span> <span class='ocrx_word' id='word_1_223' title='bbox 361 2913 419 2958; x_wconf 91' lang='lat' dir='ltr'>cur</span> <span class='ocrx_word' id='word_1_224' title='bbox 440 2889 616 2977; x_wconf 87' lang='lat' dir='ltr'>porticum,</span> <span class='ocrx_word' id='word_1_225' title='bbox 644 2911 701 2955; x_wconf 90' lang='lat' dir='ltr'>cur</span> <span class='ocrx_word' id='word_1_226' title='bbox 722 2890 896 2976; x_wconf 86' lang='lat' dir='ltr'>templum,</span> <span class='ocrx_word' id='word_1_227' title='bbox 926 2911 983 2957; x_wconf 89' lang='lat' dir='ltr'>cur</span> <span class='ocrx_word' id='word_1_228' title='bbox 1006 2890 1146 2976; x_wconf 90' lang='lat' dir='ltr'>domum,</span> 
     </span>
     <span class='ocr_line' id='line_1_31' title="bbox 92 2979 1147 3065; baseline 0.003 -23"><span class='ocrx_word' id='word_1_229' title='bbox 92 2999 121 3042; x_wconf 82' lang='lat' dir='ltr'>eo</span> <span class='ocrx_word' id='word_1_230' title='bbox 136 3003 193 3047; x_wconf 92' lang='lat' dir='ltr'>cur</span> <span class='ocrx_word' id='word_1_231' title='bbox 221 2981 336 3046; x_wconf 89' lang='lat' dir='ltr'>urbem</span> <span class='ocrx_word' id='word_1_232' title='bbox 363 3001 429 3046; x_wconf 90' lang='lat' dir='ltr'>non</span> <span class='ocrx_word' id='word_1_233' title='bbox 455 2979 587 3065; x_wconf 75' lang='lat' dir='ltr'>potest?</span> <span class='ocrx_word' id='word_1_234' title='bbox 620 2999 702 3063; x_wconf 90' lang='lat' dir='ltr'>quae</span> <span class='ocrx_word' id='word_1_235' title='bbox 725 2982 802 3044; x_wconf 90' lang='lat' dir='ltr'>sunt</span> <span class='ocrx_word' id='word_1_236' title='bbox 824 2979 930 3044; x_wconf 89' lang='lat' dir='ltr'>minus</span> <span class='ocrx_word' id='word_1_237' title='bbox 953 3000 1091 3065; x_wconf 90' lang='lat' dir='ltr'>operosa</span> <span class='ocrx_word' id='word_1_238' title='bbox 1113 2984 1147 3046; x_wconf 91' lang='lat' dir='ltr'>et</span> 
     </span>
     <span class='ocr_line' id='line_1_32' title="bbox 134 3066 1146 3154; baseline -0.002 -18"><span class='ocrx_word' id='word_1_239' title='bbox 134 3069 240 3136; x_wconf 92' lang='lat' dir='ltr'>multo</span> <span class='ocrx_word' id='word_1_240' title='bbox 268 3068 398 3154; x_wconf 90' lang='lat' dir='ltr'>quidem</span> <span class='ocrx_word' id='word_1_241' title='bbox 424 3067 581 3134; x_wconf 85' lang='lat' dir='ltr'>faciliora.</span> <span class='ocrx_word' id='word_1_242' title='bbox 626 3066 722 3134; x_wconf 81' lang='lat' dir='ltr'>Certe</span> <span class='ocrx_word' id='word_1_243' title='bbox 749 3067 796 3133; x_wconf 88' lang='lat' dir='ltr'>ita</span> <span class='ocrx_word' id='word_1_244' title='bbox 819 3071 941 3133; x_wconf 88' lang='lat' dir='ltr'>temere</span> <span class='ocrx_word' id='word_1_245' title='bbox 965 3068 1003 3134; x_wconf 91' lang='lat' dir='ltr'>de</span> <span class='ocrx_word' id='word_1_246' title='bbox 1025 3069 1146 3134; x_wconf 90' lang='lat' dir='ltr'>mundo</span> 
     </span>
     <span class='ocr_line' id='line_1_33' title="bbox 134 3155 1147 3242; baseline -0.001 -18"><span class='ocrx_word' id='word_1_247' title='bbox 134 3158 296 3242; x_wconf 87' lang='lat' dir='ltr'>effutiunt,</span> <span class='ocrx_word' id='word_1_248' title='bbox 319 3161 356 3222; x_wconf 91' lang='lat' dir='ltr'>ut</span> <span class='ocrx_word' id='word_1_249' title='bbox 374 3156 456 3222; x_wconf 90' lang='lat' dir='ltr'>mihi</span> <span class='ocrx_word' id='word_1_250' title='bbox 475 3155 605 3241; x_wconf 89' lang='lat' dir='ltr'>quidem</span> <span class='ocrx_word' id='word_1_251' title='bbox 621 3177 799 3240; x_wconf 89' lang='lat' dir='ltr'>numquam</span> <span class='ocrx_word' id='word_1_252' title='bbox 817 3155 902 3222; x_wconf 91' lang='lat' dir='ltr'>hunc</span> <span class='ocrx_word' id='word_1_253' title='bbox 921 3156 1147 3223; x_wconf 87' lang='lat' dir='ltr'>admirabilem</span> 
     </span>
     <span class='ocr_line' id='line_1_34' title="bbox 133 3244 1146 3332; baseline -0.002 -19"><span class='ocrx_word' id='word_1_254' title='bbox 133 3247 217 3314; x_wconf 86' lang='lat' dir='ltr'>caeli</span> <span class='ocrx_word' id='word_1_255' title='bbox 241 3249 407 3330; x_wconf 89' lang='lat' dir='ltr'>omatum,</span> <span class='ocrx_word' id='word_1_256' title='bbox 430 3244 487 3330; x_wconf 90' lang='lat' dir='ltr'>qui</span> <span class='ocrx_word' id='word_1_257' title='bbox 509 3244 599 3310; x_wconf 90' lang='lat' dir='ltr'>locus</span> <span class='ocrx_word' id='word_1_258' title='bbox 623 3247 674 3309; x_wconf 84' lang='lat' dir='ltr'>est</span> <span class='ocrx_word' id='word_1_259' title='bbox 696 3244 873 3330; x_wconf 85' lang='lat' dir='ltr'>proximus,</span> <span class='ocrx_word' id='word_1_260' title='bbox 895 3245 1078 3332; x_wconf 84' lang='lat' dir='ltr'>suspexisse</span> <span class='ocrx_word' id='word_1_261' title='bbox 1100 3246 1146 3311; x_wconf 84' lang='lat' dir='ltr'>vi-</span> 
     </span>
    </p>

    <p class='ocr_par' dir='ltr' id='par_1_7' title="bbox 93 3331 1197 3593">
     <span class='ocr_line' id='line_1_35' title="bbox 133 3331 1197 3419; baseline -0.007 -18"><span class='ocrx_word' id='word_1_262' title='bbox 133 3335 281 3401; x_wconf 87' lang='lat' dir='ltr'>deantur.</span> <span class='ocrx_word' id='word_1_263' title='bbox 332 3333 503 3400; x_wconf 87' lang='lat' dir='ltr'>Praeclare</span> <span class='ocrx_word' id='word_1_264' title='bbox 540 3353 620 3419; x_wconf 80' lang='lat' dir='ltr'>erge</span> <span class='ocrx_word' id='word_1_265' title='bbox 650 3331 861 3399; x_wconf 84' lang='lat' dir='ltr'>Aristoteles:</span> <span class='ocrx_word' id='word_1_266' title='bbox 899 3332 955 3399; x_wconf 82' lang='lat' dir='ltr'>‘Si</span> <span class='ocrx_word' id='word_1_267' title='bbox 990 3333 1146 3418; x_wconf 89' lang='lat' dir='ltr'>essent&#39;,</span> <span class='ocrx_word' id='word_1_268' title='bbox 1164 3345 1197 3395; x_wconf 82' lang='lat' dir='ltr'>ss</span> 
     </span>
     <span class='ocr_line' id='line_1_36' title="bbox 93 3421 1147 3510; baseline 0.005 -26"><span class='ocrx_word' id='word_1_269' title='bbox 93 3423 253 3510; x_wconf 79' lang='lat' dir='ltr'>ainquit,</span> <span class='ocrx_word' id='word_1_270' title='bbox 277 3421 358 3508; x_wconf 82' lang='lat' dir='ltr'>‘qui</span> <span class='ocrx_word' id='word_1_271' title='bbox 382 3422 452 3488; x_wconf 88' lang='lat' dir='ltr'>sub</span> <span class='ocrx_word' id='word_1_272' title='bbox 475 3425 582 3486; x_wconf 88' lang='lat' dir='ltr'>terra</span> <span class='ocrx_word' id='word_1_273' title='bbox 605 3441 756 3506; x_wconf 90' lang='lat' dir='ltr'>semper</span> <span class='ocrx_word' id='word_1_274' title='bbox 773 3421 1064 3487; x_wconf 79' lang='lat' dir='ltr'>habitavissent</span> <span class='ocrx_word' id='word_1_275' title='bbox 1082 3423 1147 3489; x_wconf 91' lang='lat' dir='ltr'>bo·</span> 
     </span>
     <span class='ocr_line' id='line_1_37' title="bbox 131 3509 1146 3593; baseline -0.005 -15"><span class='ocrx_word' id='word_1_276' title='bbox 131 3513 194 3578; x_wconf 85' lang='lat' dir='ltr'>nis</span> <span class='ocrx_word' id='word_1_277' title='bbox 225 3516 263 3577; x_wconf 90' lang='lat' dir='ltr'>et</span> <span class='ocrx_word' id='word_1_278' title='bbox 290 3510 530 3577; x_wconf 88' lang='lat' dir='ltr'>inlustribus</span> <span class='ocrx_word' id='word_1_279' title='bbox 559 3509 785 3590; x_wconf 90' lang='lat' dir='ltr'>domiciliis,</span> <span class='ocrx_word' id='word_1_280' title='bbox 812 3530 907 3593; x_wconf 88' lang='lat' dir='ltr'>quae</span> <span class='ocrx_word' id='word_1_281' title='bbox 935 3514 1066 3576; x_wconf 89' lang='lat' dir='ltr'>essent</span> <span class='ocrx_word' id='word_1_282' title='bbox 1087 3530 1146 3575; x_wconf 88' lang='lat' dir='ltr'>or·</span> 
     </span>
    </p>
   </div>
   <div class='ocr_carea' id='block_1_6' title="bbox 0 0 1335 3908">
    <p class='ocr_par' dir='ltr' id='par_1_8' title="bbox 0 0 1335 3908">
     <span class='ocr_line' id='line_1_38' title="bbox 0 0 1335 3908; baseline 0 0"><span class='ocrx_word' id='word_1_283' title='bbox 0 0 1335 3908; x_wconf 95' lang='lat' dir='ltr'> </span> 
     </span>
    </p>
   </div>
  </div>
 </body>
</html>
