2630 3904
352 213 420 270 mn.
440 215 461 270 L
479 213 558 270 *cen
578 220 675 272 9-11.
693 220 709 282 e
728 221 841 271 na-ss.
1059 217 1100 280 13

86 382 175 447 quae
198 381 239 426 ex
262 382 347 445 aqua
365 364 482 427 cuncta
498 360 645 446 fingeret.
681 356 717 425 si
735 359 769 425 di
786 364 925 445 possunt
943 381 1013 427 esse
1031 361 1112 426 sine,

87 471 191 517 sensu
219 451 253 513 et
281 451 402 534 mente,
430 470 487 514 cur
510 469 613 534 aquae
635 454 775 530 mentem,
801 450 897 514 menti
923 452 1025 515 annm
1047 471 1102 516 eur

86 558 207 622 equom
230 537 390 620 adiunxit,
418 537 447 603 si
469 536 542 621 ipsa
563 558 655 603 mens
678 540 827 603 constare
842 540 960 623 potest
981 559 1101 604 vacans

87 626 265 712 corpore?
287 624 523 691 Anaximandri
546 628 656 692 autem
677 624 788 711 opinio
811 628 862 690 est
883 626 1012 693 nativos
1031 649 1101 692 esse

59 715 169 781 edeos
197 713 307 799 longis
334 713 516 780 intervallis
545 713 680 783 orientis
703 712 955 799 occidentisque,
983 736 1101 800 eosque

87 801 341 869 innumerabilis
364 822 435 867 esse
457 801 604 869 mundos.
648 799 711 868 Sed
732 823 793 869 nos
817 802 913 869 deum
933 803 996 869 nisi
1021 825 1103 869 eem-

90 892 257 978 piternum
280 890 470 977 intellegere
488 891 544 975 qui
560 891 756 976 possumus?
786 889 868 957 Post
885 890 1102 958 Anaximenes
1121 904 1154 954 ct

92 986 170 1046 aera
197 978 294 1045 deum
321 978 453 1064 statuit,
480 1000 617 1064 eumque
644 979 737 1066 gigni
764 999 897 1064 esseque
919 979 1103 1047 inmensum
1200 1037 1202 1042 .

93 1071 128 1135 et
156 1067 322 1133 infinitum
349 1072 383 1133 et
410 1089 537 1153 semper
562 1066 598 1133 in
624 1071 729 1151 motu;
758 1068 852 1152 quasi
875 1072 932 1134 aut
955 1069 1103 1135 eleusine

53 1177 81 1221 ro
93 1157 163 1226 nlla
179 1155 289 1222 forma
306 1156 385 1222 deus
404 1177 474 1222 esse
492 1155 607 1241 possit,
625 1178 699 1222 cum
716 1155 909 1241 praesertim
928 1156 1023 1225 deum
1037 1180 1103 1223 non

92 1245 191 1312 modo
215 1244 335 1329 aliqua,
358 1243 416 1310 sed
437 1244 656 1330 pulcherrima
679 1244 784 1329 speeie
808 1244 921 1311 deceat
943 1268 1022 1330 csse,
1046 1251 1103 1313 aut

90 1356 159 1401 non
173 1355 280 1418 omne,
294 1332 381 1418 quod
394 1337 503 1398 ortum
516 1333 569 1417 sit,
584 1333 768 1398 mortalitas
776 1338 1002 1419 consequatur.
1025 1334 1103 1400 Inde
1116 1338 1152 1401 ll

92 1422 323 1509 Anaxagoras,
356 1420 412 1506 qui
440 1421 564 1508 accepit
591 1422 632 1486 ab
661 1421 860 1487 Anaximene
889 1421 1104 1509 disciplinam,

93 1511 221 1597 primus
241 1510 386 1577 omnium
403 1532 512 1575 rerum
531 1508 773 1594 discriptionem
792 1514 825 1575 et
839 1510 971 1577 modum
985 1512 1104 1577 mentis

51 1619 79 1662 15
92 1599 243 1664 infinitae
269 1598 303 1664 ri
326 1621 363 1664 ac
386 1597 512 1664 ratione
535 1597 711 1684 dissignari
733 1601 766 1662 et
788 1598 902 1664 confici
925 1599 1043 1683 voluit,
1069 1600 1104 1664 in

91 1709 159 1772 quo
188 1708 255 1753 non
281 1686 365 1752 vidit
391 1708 495 1770 neque
522 1691 649 1752 motum
676 1685 785 1752 sensui
806 1685 953 1752 iunctum
976 1692 1009 1753 et
1031 1710 1104 1754 con·

91 1777 255 1842 tinentem
281 1774 317 1840 in
343 1774 480 1841 infinito
502 1775 606 1842 ullum
630 1797 699 1840 esse
722 1796 818 1860 posse
847 1796 950 1860 neque
973 1798 1104 1844 sensnm

92 1864 241 1947 omnino,
264 1885 328 1950 quo
350 1884 417 1928 nou
438 1863 512 1949 ipsa
532 1867 651 1929 natura
672 1864 769 1949 pulsa
792 1864 936 1929 sentiret.
980 1864 1105 1932 Deinde

94 1953 123 2018 ei
154 1955 298 2021 mentem
329 1952 427 2019 istam
457 1951 551 2037 qnasi
582 1951 704 2017 animal
732 1951 865 2037 aliquod
891 1952 997 2019 voluit
1024 1975 1104 2038 esse,

52 2062 80 2104 ao
94 2041 158 2107 erit
187 2039 311 2125 aliquid
335 2038 485 2124 interius,
508 2062 547 2104 ex
570 2062 634 2125 quo
656 2040 739 2105 illud
762 2039 884 2106 animal
905 2043 1125 2127 nominetur3·

94 2129 175 2215 quid
202 2132 311 2195 autem
337 2128 473 2195 interius
501 2129 631 2195 mente?
663 2128 814 2215 cingatur
840 2129 943 2216 igitur
969 2152 1105 2218 corpore

94 2221 239 2284 externo,
275 2216 368 2294 Quod
386 2216 539 2302 quoniam
557 2238 623 2283 non
640 2216 757 2302 placet,
776 2221 891 2304 aperte
904 2218 1105 2306 simplexque
1123 2233 1157 2282 nt

93 2327 189 2372 mens
219 2305 312 2371 nulla
342 2327 378 2372 re
405 2305 570 2390 adiuncta,
602 2327 667 2390 qua
694 2306 814 2372 sentire
840 2307 960 2393 possit,
991 2307 1105 2427 fugere

93 2394 341 2481 intellegentiae
362 2397 494 2459 nostrae
516 2393 583 2460 rim
606 2397 640 2459 et
661 2393 829 2460 notionem
851 2395 988 2462 videtur.
1029 2401 1105 2463 bro

53 2501 81 2547 ae
95 2483 239 2549 toniates
263 2486 373 2548 autem
395 2481 561 2565 Alcmaeo,
584 2482 639 2568 qui
658 2482 722 2551 soli
740 2487 780 2548 et
791 2483 888 2549 lunae
906 2484 1105 2570 reliquisque

95 2570 257 2649 sideribus
285 2570 457 2656 animoque
483 2575 654 2657 praeterea
679 2570 884 2637 divinitatem
911 2571 1013 2656 dedit,
1039 2595 1105 2640 non

95 2659 201 2727 sensit
220 2681 289 2725 sese
303 2659 499 2726 mortalibus
513 2659 610 2725 rebus
623 2659 896 2729 inmortalitatem
910 2661 995 2726 dare.
1018 2660 1105 2727 Nam

93 2748 317 2836 Pythagoras,
349 2748 404 2833 qui
436 2747 561 2814 censuit
593 2748 737 2816 animum
769 2770 839 2815 esee
870 2771 928 2837 per
954 2753 1106 2830 naturam

94 2858 206 2905 rerum
225 2858 353 2903 omnem
370 2836 532 2902 intentum
551 2839 584 2901 et
598 2840 849 2921 commeantem,
860 2859 900 2903 ex
918 2859 981 2922 quo
1000 2839 1106 2907 nostri

54 2944 82 2989 so
95 2924 199 2993 animi
220 2928 443 3011 carperentur,
465 2946 531 2990 non
553 2924 635 2990 vidit
657 2925 868 2995 distractione
890 2925 1105 2994 humanorum

96 3014 280 3081 animorum
308 3012 447 3098 discerpi
474 3015 508 3079 et
535 3013 672 3080 lacerari
699 3013 794 3080 deum
821 3018 868 3100 et,
895 3036 968 3079 cum
995 3015 1106 3081 miseri

96 3101 333 3186 animiesscnt,
356 3101 442 3187 quod
459 3101 623 3187 plerisque
641 3101 854 3189 contingeret,
875 3105 947 3169 tum
966 3102 1016 3169 dei
1034 3126 1106 3189 par·

95 3194 165 3257 tem
187 3211 258 3256 esse
280 3189 448 3274 miseram3
470 3189 557 3275 quod
578 3189 649 3256 fieri
673 3212 739 3256 non
758 3194 875 3275 potest.
912 3189 978 3257 Cur
997 3196 1105 3261 autem
1124 3204 1157 3255 28

88 3279 270 3366 quicquam
299 3279 467 3365 ignoraret
496 3278 623 3344 animus
652 3277 808 3363 hominia,
839 3279 868 3345 si
895 3283 981 3345 esset
1004 3280 1105 3347 deust

58 3383 161 3454 coquo
184 3367 281 3434 modo
303 3388 402 3454 porro
425 3366 502 3433 deus
525 3367 597 3452 iste,
620 3367 649 3436 si
670 3367 753 3434 nihil
779 3372 865 3434 esset
887 3368 952 3434 nisi
970 3369 1106 3453 animus,

97 3460 155 3527 aut
176 3455 295 3523 infixus
315 3456 375 3525 aut
396 3455 523 3522 infusus
547 3460 633 3521 esset
654 3455 689 3520 in
713 3456 855 3522 mundo?
875 3526 877 3531 ,
896 3455 979 3523 Tum
1001 3456 1105 3522 Xeno

96 3544 235 3631 phanes,
268 3544 325 3630 qui
355 3547 463 3627 mente
495 3544 646 3611 adiuncta
678 3565 773 3609 omne
804 3547 986 3630 praeterea,
1019 3542 1104 3626 quod
