2652 3908
400 180 468 235 ΜΒ.
487 180 522 234 11.
542 179 618 237 caP.
639 187 734 237 r-ro.
753 187 769 248 s
789 187 902 236 re-ac.
1005 202 1007 205 ·
1111 180 1155 244 55

141 324 354 410 iudicetur,
377 346 459 394 curn
482 347 525 391 ex
547 347 587 391 se
609 329 789 412 procreet
812 326 1021 393 animantia
1040 329 1156 410 atqua

142 412 381 499 sapientisl'
1194 454 1197 458 v
1287 408 1292 417 ”

213 499 278 568 Sed
300 502 454 588 quoniam
477 503 569 589 coepi
592 524 683 570 secus
706 525 812 592 agere,
835 507 934 589 atque
957 503 1051 569 initio
1072 502 1156 568 dixe
1175 467 1209 594 {³3

142 614 218 656 ram
246 588 418 678 (negaram
441 591 527 658 enim
548 591 633 658 hanc
655 591 795 679 primam
817 597 946 679 partem
969 613 1064 679 egere
1087 613 1157 657 ora-

113 681 249 765 stione,
272 680 359 766 quod
382 684 468 746 esset
490 681 640 746 omnibus
662 681 869 767 perspicuum
893 681 970 747 deos
992 678 1087 768 esse),
1109 683 1157 745 ta·

146 791 224 834 men
256 768 291 833 id
321 769 430 854 ipsum
461 769 643 835 rationibus
675 768 819 857 physicis
850 770 1042 837 confirmare
1072 768 1158 834 volo.
1213 776 1253 855 „l

145 857 200 925 Sic
220 857 307 923 onim
325 879 379 925 res
397 879 432 923 se
449 857 559 943 habet,
581 862 619 923 ut
637 858 755 943 omnia,
773 880 856 944 quae
874 859 1006 925 alantur
1023 862 1057 926 ct
1075 879 1157 943 quae
1172 876 1214 943 s*
1266 884 1272 889 ·

145 950 304 1032 crescant,
327 946 516 1015 contineant
537 946 572 1012 in
594 969 629 1013 se
647 947 860 1102 vlprsalqris,
882 948 953 1014 cine
972 968 1158 1033 quareque

145 1035 194 1102 ali
217 1039 354 1122 possent
375 1057 435 1102 nec
458 1057 609 1102 crescere.
687 1059 741 1102 am
764 1059 871 1122 omne,
900 1037 987 1123 quod
1009 1040 1060 1103 est
1082 1035 1158 1103 cali·

104 1125 226 1190 rodum
249 1128 283 1190 et
303 1124 446 1211 igneum,
469 1124 571 1191 cietur
594 1129 628 1191 et
650 1126 761 1213 agitur
783 1131 875 1193 motu
898 1148 972 1212 su03
999 1125 1086 1212 quod
1104 1147 1158 1190 au·

146 1217 216 1280 tem
248 1213 349 1279 alitur
375 1217 409 1279 et
436 1213 563 1299 crescit,
596 1218 689 1280 motu
716 1215 857 1300 quodam
882 1216 988 1281 utitur
1013 1217 1102 1282 certo
1125 1217 1159 1280 et

146 1302 325 1388 aequabili3
358 1302 415 1388 qui
442 1324 540 1388 quam
567 1303 621 1368 diu
644 1308 791 1370 remanet
812 1304 848 1370 iu
869 1304 979 1390 nobis,
1010 1309 1081 1370 tam
1103 1302 1159 1369 diu

146 1413 261 1457 sensus
284 1395 319 1459 et
340 1391 410 1458 vita
431 1395 591 1476 remanet3
613 1392 807 1479 refrigerato
831 1397 941 1459 autem
964 1396 997 1458 et
1015 1392 1158 1458 extincto

147 1481 257 1548 calore
284 1480 459 1547 occidimus
485 1481 550 1566 ipsi
577 1485 610 1547 et
638 1482 866 1569 extinguimur.
911 1480 1005 1558 Quod
1027 1480 1157 1567 quidem
1176 1495 1211 1546 ac

103 1586 133 1629 ιδ
146 1569 325 1637 Cleanthes
343 1568 395 1635 his
414 1569 514 1635 etiam
533 1570 736 1657 argumentis
754 1571 857 1656 docet,
875 1573 999 1657 quanta
1014 1569 1064 1636 ris
1079 1569 1159 1635 insit

145 1658 267 1726 caloris
285 1659 320 1723 in
339 1659 428 1724 omni
446 1680 594 1745 corpore:
616 1663 717 1747 negat
734 1661 821 1726 enim
840 1681 910 1726 esse
929 1659 1034 1724 ullum
1051 1657 1159 1725 cibum

145 1751 218 1813 tam
242 1768 384 1834 gravem,
408 1747 487 1832 quin
508 1746 538 1813 is
560 1752 655 1815 nocte
677 1752 712 1814 et
734 1748 785 1814 die
808 1752 1041 1833 concoquatur3
1068 1745 1159 1814 cuius

145 1837 249 1902 etiam
265 1836 302 1901 in
318 1835 466 1921 reliquiis
483 1835 571 1902 inest
588 1836 677 1903 calor
692 1837 742 1923 iis,
763 1859 844 1923 quas
857 1841 977 1903 natura
989 1834 1158 1923 respuerit.

144 1924 220 1992 Iam
242 1947 319 1992 vero
342 1946 444 1992 venae
464 1928 499 1992 et
516 1925 656 1991 arteriae
673 1926 794 1992 micare
810 1948 878 1992 non
896 1926 1048 1992 desinunt
1065 1923 1159 2011 quasi
1208 2006 1210 2009 Ι

102 2030 132 2073 ¹⁰
147 2013 290 2100 quodam
308 2013 405 2100 igneo
424 2017 525 2099 motu,
548 2014 872 2100 animadversumque
890 2036 986 2100 saepe
1005 2017 1064 2098 est,
1086 2034 1160 2079 oum

147 2125 205 2170 cor
232 2102 409 2171 ammantis
432 2102 569 2169 alicuius
593 2104 741 2169 evolsum
761 2103 811 2169 ita
833 2103 999 2169 mobiliter
1020 2102 1160 2189 pulpita

146 2195 213 2277 ret,
239 2194 278 2256 ut
303 2191 489 2258 imitaretur
516 2192 647 2277 igneam
669 2192 878 2258 celeritatem.
924 2191 1027 2258 Omne
1049 2191 1160 2279 igitur,

147 2279 237 2366 quod
263 2279 355 2383 vivit,
386 2278 456 2346 sive
486 2279 609 2382 apimal
636 2279 820 2347 sineterra
847 2281 984 2366 editum,
1015 2280 1050 2345 id
1078 2279 1161 2380 vivit

105 2369 484 2525 aiilllfflffi
505 2369 892 2524 tlurttlatt
914 2368 1160 2524 lulsslliili

146 2568 208 2634 per
234 2567 364 2613 omnem
390 2545 547 2619 mundum
571 2546 798 2632 pertinentem.
842 2547 953 2632 Atque
975 2545 1010 2611 id
1030 2545 1159 2611 facilius
1179 2557 1211 2607 aa

147 2656 317 2702 cernemus
340 2637 412 2701 toto
435 2655 553 2722 genere
575 2634 638 2701 hoc
659 2635 770 2721 igneo,
798 2635 885 2722 quod
906 2638 1018 2700 tranat
1041 2633 1159 2718 omnia,

147 2723 304 2791 subtilius
326 2722 498 2810 explicato.
539 2722 659 2789 Omnes
682 2724 785 2810 igitur
806 2728 918 2810 partes
941 2722 1054 2788 mundi
1076 2721 1160 2808 (tau-

149 2833 228 2901 gam
250 2816 360 2879 autem
383 2810 556 2898 maximas)
575 2812 682 2878 calore
700 2812 804 2879 fultae
823 2812 1034 2878 sustinentur.
1067 2809 1161 2887 Quod

106 2917 134 2961 ⁸⁰
170 2902 292 2969 rimum
321 2901 357 2967 in
385 2904 515 2966 terrena
540 2904 660 2966 natura
686 2901 827 2988 perspici
853 2904 973 2987 potest
1017 2898 1104 2966 Nam
1127 2903 1161 2966 et

147 2925 297 3077 iapidum
323 2989 476 3059 conflictu
503 2992 601 3075 atque
623 2989 706 3054 tritu
729 2990 803 3057 elici
825 2991 936 3077 ignem
957 2988 1104 3055 ridemus
1127 2992 1161 3054 et

147 3079 272 3147 recenti
293 3078 438 3146 fossione
460 3082 584 3144 terram
605 3077 732 3144 fumare
750 3079 920 3164 calentem,
943 3082 1042 3163 atque
1060 3078 1160 3144 etiam

147 3191 189 3235 ex
209 3168 319 3256 puteis
340 3167 473 3255 iugibus
497 3188 616 3251 aquam
639 3167 777 3234 calidam
796 3167 895 3253 trahi,
918 3170 951 3233 et
969 3167 1004 3232 id
1020 3167 1160 3233 maxime

146 3258 220 3333 fieri
242 3256 446 3344 temporibus
468 3255 627 3340 hibernis,
656 3256 743 3341 quod
764 3278 886 3344 magna
908 3256 957 3322 vis
980 3259 1089 3322 terrae
1110 3277 1161 3321 ca·

107 3360 133 3407 rs
146 3346 257 3413 varnis
281 3344 486 3413 contineatur
507 3344 628 3411 caloris
650 3367 753 3431 eaque
774 3346 881 3413 hieme
904 3344 949 3412 rit
969 3344 1099 3411 densior
1117 3342 1160 3409 ob

147 3456 285 3521 eamque
311 3455 444 3503 causam
473 3433 616 3500 calorem
644 3433 781 3500 insitum
810 3434 846 3500 in
873 3432 972 3500 terris
995 3432 1161 3500 contineat
1172 3481 1213 3545 10

147 3524 260 3591 artius.
304 3520 421 3610 Longa
448 3526 499 3588 est
522 3522 628 3589 oratio
652 3524 838 3607 multaeque
860 3521 1017 3605 rationes,
1043 3519 1159 3604 quibus
1177 3559 1211 3607 ΞΒ
