2652 3920
381 206 449 261 ΜΒ.
468 206 489 264 L
509 206 585 263 eAP.
605 213 711 264 as-ar
729 213 744 273 s
763 214 876 264 ee-ra.
1071 209 1135 274 173

121 354 304 441 fulgurales
324 359 357 417 et
374 353 509 419 rituales
529 351 614 435 libri,
633 352 734 419 vestri
753 352 852 419 etiam
868 353 1052 438 augurales,
1070 352 1137 419 alia

124 446 234 508 autem
263 441 373 507 subito
401 457 442 506 ex¹
467 445 614 525 tempore
641 441 827 542 coniectura
853 441 1069 526 explicantur,
1097 444 1135 507 ut

123 531 210 684 etl
234 526 708 704 diffiditis&
729 550 1135 702 tieptltimsniliitt

96 708 283 792 ascriptum
301 706 440 772 historia
457 705 613 790 videmus,
636 705 723 790 quod
740 709 774 771 te
791 704 995 791 inspectante
1011 706 1136 773 factum

125 801 185 880 est,
207 799 254 879 ut,
276 817 349 861 cum
372 795 428 860 ille
452 794 486 860 in
510 816 591 882 agro
607 792 738 859 Nolano
756 794 932 861 inmolaret
950 798 1027 861 ente
1045 817 1136 881 prae·

125 885 259 969 terium,
289 884 331 950 ab
353 883 466 949 infima
489 905 547 949 ara
569 883 679 948 subito
703 882 820 970 anguis
843 886 1039 969 emergeret,
1062 905 1135 949 eum

126 972 255 1057 quidem
270 970 305 1038 C.
318 970 506 1039 Postumius
529 972 692 1057 haruspex
714 975 825 1037 oraret
845 971 949 1056 illum,
972 975 1009 1036 ut
1031 971 1066 1036 in
1085 993 1136 1037 ex·

125 1060 324 1147 peditionem
346 1061 520 1125 exercitum
545 1059 706 1144 educeret3
728 1059 763 1125 id
785 1082 860 1127 cum
882 1057 974 1125 Sulla
995 1059 1136 1144 fecisset,

85 1169 112 1209 ro
126 1155 197 1215 tum
228 1153 305 1219 ante
337 1148 491 1234 oppidum
520 1147 642 1214 Nolam
672 1148 914 1214 florentissuma
940 1146 1136 1214 Samnitium

125 1242 235 1304 austra
258 1237 351 1324 cepit.
392 1236 494 1302 Facta
517 1236 702 1303 coniectura
724 1236 824 1302 etiam
846 1236 881 1302 in
899 1235 1058 1322 Dionysio
1077 1241 1136 1321 est,
1155 1253 1188 1303 tt

124 1327 224 1411 paulo
248 1329 324 1391 ante
347 1347 445 1410 quam
467 1346 605 1412 regnare
628 1324 748 1410 coepit3
772 1324 827 1410 qui
850 1347 923 1391 cum
943 1346 1137 1412 peregrum

125 1413 321 1481 Leontinum
347 1414 411 1479 iter
436 1412 559 1479 faciens
583 1434 703 1499 equum
723 1414 794 1498 ipse
817 1413 1001 1479 demisisset
1022 1413 1058 1479 in
1080 1414 1137 1479 flu·

126 1525 209 1587 men,
232 1503 419 1568 submersus
443 1523 544 1587 equus
563 1501 775 1589 voraginibus
793 1523 860 1568 non
877 1502 1018 1587 exstitit3
1041 1524 1137 1587 quem

86 1610 112 1652 n
125 1614 200 1659 cum
222 1591 365 1657 maxima
384 1591 591 1656 contentione
609 1613 676 1656 non
693 1590 855 1676 potuisset
873 1590 1052 1674 extrahere,
1075 1590 1137 1656 dis·

124 1681 238 1764 cessit,
273 1683 312 1745 ut
340 1679 389 1746 uit
419 1678 593 1764 Philistus,
628 1700 725 1766 aegre
753 1677 871 1745 ferens.
916 1677 1000 1746 Cum
1027 1683 1137 1745 eutem

126 1768 332 1852 aliquantum
359 1789 554 1854 progressus
581 1771 681 1852 esset,
708 1766 819 1833 subito
847 1766 1011 1833 exaudivit
1033 1765 1138 1833 hinni·

125 1860 198 1923 tum
234 1856 439 1942 respexitque
476 1859 509 1921 et
541 1877 658 1942 equum
690 1855 832 1923 alacrem
863 1856 970 1923 laetus
1003 1856 1138 1941 aspexit,

126 1945 218 2013 cuius
240 1945 275 2010 in
297 1945 375 2011 iuba
397 1966 532 2010 examen
555 1945 664 2031 apium
685 1944 886 2011 consederat.
922 1943 1014 2020 Quod
1032 1948 1138 2010 osten-

85 2054 113 2096 so
126 2037 198 2100 tum
224 2033 342 2100 habuit
363 2032 448 2100 hano
470 2033 551 2119 vim,
581 2037 618 2098 ut
640 2033 817 2118 Dionysius
839 2033 951 2119 paucis
974 2037 1050 2119 post
1074 2033 1189 2148 die34

125 2123 188 2189 bus
206 2144 343 2210 regnare
361 2121 513 2208 coeperit.
545 2119 650 2196 Quid?
669 2121 933 2188 Lacedaemoniis
946 2121 1045 2207 paulo
1060 2126 1136 2188 ante
1157 2161 1190 2210 74

125 2210 329 2280 Leuctricam
360 2210 581 2277 calamitatem
615 2233 697 2295 quae
730 2209 925 2297 significatio
956 2208 1045 2276 facta
1077 2214 1137 2295 est,

125 2323 199 2369 cum
221 2300 257 2366 in
274 2299 426 2366 Herculis
448 2299 526 2364 fauo
549 2320 643 2364 arma
664 2302 842 2365 sonuerunt
859 2297 1074 2385 Herculisque
1097 2299 1138 2364 si·

126 2390 307 2456 mulacrum
331 2389 435 2455 multo
459 2388 576 2453 sudore
599 2388 758 2453 manavit!
791 2387 838 2453 At
860 2388 973 2455 eodem
990 2390 1137 2473 tempore

86 2495 114 2539 ss
128 2477 258 2562 Thebis,
279 2481 317 2543 ut
339 2477 387 2543 ait
406 2474 634 2560 Callisthenes,
657 2475 692 2540 in
710 2475 834 2562 templo
852 2474 1003 2543 Herculis
1022 2477 1138 2541 valvae
1202 2505 1206 2513 ·

127 2566 256 2632 clausae
274 2564 440 2652 repagulis
460 2564 569 2630 subito
587 2563 731 2650 seipsae
749 2567 954 2650 aperuerunt,
974 2586 1138 2649 armaque,

128 2674 211 2738 quae
232 2653 298 2717 fixa
318 2653 353 2718 in
375 2653 555 2740 parietibus
572 2651 712 2736 fuerant,
735 2674 775 2718 ea
792 2654 869 2718 sunt
886 2650 979 2718 humi
996 2652 1137 2719 inventa

129 2741 274 2825 Cumque
305 2742 417 2807 eodem
448 2745 515 2807 tem
540 2762 595 2806 ore
627 2740 713 2826 apud
744 2739 921 2806 Lebadiam
949 2739 1137 2826 Trophonio

129 2851 181 2894 res
205 2828 321 2918 divina¹
335 2829 436 2913 fieret,
459 2765 567 2916 gslios
590 2829 791 2916 gallinaceos
814 2828 850 2895 in
872 2850 910 2896 eo
929 2829 1001 2895 loeo
1020 2828 1067 2896 sio
1085 2829 1138 2895 ad·

88 2934 116 2977 so
129 2917 220 2983 sidue
252 2938 366 2982 canere
398 2918 556 3003 coepisse,
587 2921 624 2982 ut
655 2917 738 2983 nihil
767 2916 1036 3001 intermitterent,
1067 2922 1138 2984 tum

129 3026 269 3093 augures
293 3004 411 3069 dixisse
434 3003 588 3071 Boeotios
612 3004 841 3074 Thebanorum
864 3027 935 3072 esse
958 3006 1138 3090 victoriam,

127 3098 302 3181 propterea
329 3092 415 3179 quod
442 3092 512 3159 aris
538 3093 598 3159 illa
624 3093 712 3160 victe
734 3093 830 3159 silere
853 3095 987 3179 soleret,
1015 3116 1138 3177 canere,

128 3183 157 3249 si
179 3180 319 3248 vicisset.
354 3180 541 3266 Eademque
563 3184 760 3268 tempestate
782 3182 896 3248 multis
920 3181 1023 3269 signis
1041 3181 1138 3251 Lace
1157 3195 1190 3245 ts

129 3270 306 3337 daemoniis
324 3268 513 3336 Leuctricae
558 3292 664 3357 ugnae
687 3270 857 3338 calamitas
876 3271 1137 3337 denuntiabatur.
1207 3290 1210 3297 ·

88 3375 115 3419 ss
127 3358 277 3445 Namque
300 3362 334 3425 et
355 3358 390 3424 in
412 3293 580 3444 Lysandh,
603 3359 659 3444 qui
676 3358 1005 3426 Lacedaemoniorum
1028 3358 1138 3428 elaris·

128 3447 231 3514 simus
257 3448 378 3532 fueret,
405 3451 527 3530 statua,
555 3470 637 3534 quae
659 3445 799 3534 Delphis
822 3449 947 3532 stabat,
973 3446 1009 3513 in
1031 3447 1137 3534 eapite

129 3557 249 3603 corone
271 3536 379 3604 subito
403 3536 530 3603 exstitit
552 3558 592 3602 ex
614 3536 738 3620 asperis
760 3536 871 3601 herbis
890 3538 924 3602 et
942 3535 1137 3621 agrestibus,
