2654 3924
198 226 263 292 326
433 294 435 298 p
555 224 605 279 ns
622 224 671 279 aa
689 225 845 280 sosares

198 372 398 437 Aventinum
426 369 604 456 occupavit.
648 369 698 434 Ac
724 391 765 434 ne
791 369 933 456 Lycurgi
960 370 1090 455 quidem
1118 370 1214 436 disci·

198 461 289 546 plina
316 460 422 526 tenuit
448 459 523 523 illos
550 458 585 522 in
608 457 795 523 hominibus
820 457 952 523 Graecis
978 458 1102 543 fren0s3
1133 480 1216 524 nam

198 549 298 615 etiam
324 547 461 634 Spartae
488 549 646 632 regnante
669 544 880 631 Theopompo
909 550 985 611 sunt
1012 547 1092 612 item
1120 547 1217 630 quin·

199 660 274 722 que,
306 659 387 722 quos
419 636 469 701 illi
501 634 665 719 ephoros
698 634 880 718 appellant,
911 635 947 700 in
973 633 1072 700 Creta
1100 638 1215 700 autem

198 726 321 810 decem,
353 725 409 810 qui
441 744 592 789 cosmoe
624 726 794 805 vocantur,
826 726 864 788 ut
895 727 1010 788 eontra
1039 724 1215 789 consulare
1247 740 1261 781 s

197 843 225 894 p.
246 816 311 896 191]
334 812 506 898 imperium
533 810 658 876 tribuni
685 811 744 896 pl.,
771 811 818 875 sie
839 810 891 876 illi
913 815 1028 877 eontra
1051 812 1116 877 vim
1138 812 1143 894 Ι
1165 833 1215 877 re

199 904 288 989 giam
310 899 490 967 constituti.

145 977 189 1042 34
264 989 416 1073 †Fuerat
438 988 578 1053 fortasse
601 988 712 1072 aliqua
730 987 816 1053 ratio
837 986 1015 1053 maioribus
1032 988 1157 1053 nostris
1178 988 1215 1054 in

145 1056 179 1105 ⁶⁹
197 1080 257 1144 illo
285 1100 358 1144 aere
381 1078 488 1143 alieno
511 1076 671 1159 medendi,
700 1098 782 1160 quae
804 1098 908 1160 neque
932 1073 1086 1141 Solonem
1109 1076 1215 1142 Athe·

197 1168 342 1232 niensem
374 1188 440 1231 non
470 1165 579 1251 longis
610 1164 812 1249 temporibus
844 1168 920 1229 ante
946 1163 1077 1251 fugerat
1103 1187 1213 1250 neque
1231 1186 1257 1226 ro

198 1260 275 1341 post
302 1256 470 1339 aliquanto
497 1257 647 1319 nostrum
676 1257 838 1336 senatum,
870 1275 943 1318 cum
971 1257 1047 1318 sunt
1074 1259 1214 1339 propter

195 1344 293 1409 unius
322 1343 491 1408 libidinem
519 1341 629 1407 omnia
655 1362 739 1406 nexa
766 1341 884 1406 civium
912 1342 1053 1408 liberata
1075 1344 1215 1408 nectier-

199 1454 260 1516 que
284 1436 398 1516 postea
420 1432 574 1514 desitum3
597 1451 788 1514 semperque
810 1429 886 1495 huic
909 1430 1029 1516 generi,
1053 1453 1126 1496 eum
1143 1433 1215 1516 ple
1305 1470 1306 1475 κ

198 1549 226 1601 p.
247 1523 312 1602 192]
334 1520 392 1585 bes
415 1520 547 1604 publica
569 1518 756 1583 calamitate
778 1518 938 1604 inpendiis
958 1515 1139 1606 delbilitata
1158 1520 1214 1585 de-

198 1610 322 1693 ficeret,
359 1608 475 1674 salutis
512 1607 656 1672 omnium
689 1627 786 1671 causa
818 1607 928 1691 aliqua
960 1607 1144 1672 sublevatio
1180 1613 1215 1674 et
1231 1630 1258 1670 rs

200 1698 357 1763 medicina
381 1697 530 1782 quaesita
547 1699 606 1760 est.
642 1693 712 1770 Quo
732 1700 804 1760 tum
822 1695 958 1760 oonsilio
977 1696 1213 1780 praetermisso
1305 1768 1306 1773 .

200 1809 298 1852 causa
320 1785 442 1871 populo
464 1789 544 1848 nata
567 1787 626 1867 est,
649 1784 775 1848 duobus
798 1783 937 1848 tribunis
961 1784 1067 1870 plebis
1086 1807 1144 1869 per
1164 1808 1214 1850 se

123 1943 124 1946 ,
200 1875 356 1939 ditionem
385 1874 502 1938 creatis
525 1876 562 1938 ut
586 1873 733 1957 potentie
756 1876 887 1937 senatus
911 1878 1009 1956 atque
1032 1870 1238 1939 auctoritas·¹

201 1964 412 2046 minueretur3
440 1981 522 2045 quae
549 1964 660 2024 tamen
688 1961 797 2046 gravis
822 1964 855 2024 et
877 1983 998 2046 magna
1019 1962 1215 2027 remanebat
1305 2006 1306 2009 =

200 2049 450 2136 sapientissimis
473 2052 506 2112 et
527 2047 716 2113 fortissimis
740 2054 773 2113 et
796 2049 895 2113 armis
919 2055 952 2114 et
975 2049 1111 2115 consilio
1136 2051 1214 2117 eiri-
1230 2070 1259 2110 ao

200 2167 227 2219 p.
249 2141 312 2220 129]
341 2142 444 2203 tatem
475 2137 656 2220 tuentibus,
689 2158 825 2220 quorum
856 2136 1042 2214 auctolritas
1070 2139 1214 2204 maxime

200 2226 347 2309 florebat,
370 2226 465 2310 quod,
488 2248 560 2290 cum
578 2223 701 2289 honore
719 2225 817 2312 longe
836 2227 1067 2291 antecellerent
1085 2227 1213 2311 ceteris,

200 2314 425 2398 voluptatibus
448 2317 541 2378 erant
563 2312 732 2378 inferiores
755 2335 814 2379 nee
832 2314 976 2400 pecuniis
993 2314 1096 2380 ferme
1115 2337 1213 2401 supe-

200 2404 317 2486 riores3
340 2423 442 2487 eoque
465 2405 536 2466 eret
559 2401 712 2486 cuiusque
736 2402 861 2488 gratior
883 2403 917 2467 in
940 2424 975 2467 re
998 2403 1130 2488 publica
1148 2404 1213 2469 vir-

200 2496 268 2577 tus,
300 2491 386 2575 quod
417 2490 452 2555 in
482 2490 578 2555 rebus
610 2490 748 2575 privetis
781 2491 1030 2576 diligentissime
1061 2492 1212 2579 singulos
1228 2513 1256 2554 ss

201 2580 287 2647 cives
310 2602 417 2665 opera,
441 2579 587 2664 consilio,
609 2601 644 2643 re
667 2579 851 2643 tuebantur.

147 2647 192 2776 ἓξ)
268 2667 338 2744 Quo
368 2669 403 2734 in
432 2672 522 2732 stetu
550 2668 597 2733 rei
624 2667 773 2752 publicae
798 2663 851 2752 Sp.
875 2666 1023 2734 Cassium
1054 2669 1093 2735 de
1121 2692 1213 2736 occu-

201 2758 307 2845 pando
330 2778 432 2844 regno
456 2755 652 2839 molientem,
675 2777 804 2820 summa
822 2756 907 2840 apud
925 2758 1083 2842 populum
1102 2760 1213 2844 gratia

199 2876 227 2928 p.
253 2848 318 2928 130]
349 2846 533 2928 florentem,
565 2846 719 2928 quaestor
747 2844 752 2927 Ι
781 2845 958 2929 accusavit,
993 2868 1142 2930 eumque,
1174 2852 1212 2912 ut

201 2935 351 3018 audistis,
383 2955 456 3000 cum
488 2936 582 3018 pater
613 2932 646 2996 in
679 2953 717 2996 ea
744 2934 839 3018 culpa
866 2954 936 2997 esso
963 2935 1147 3019 conperisse
1176 2957 1211 3001 se
1227 2954 1255 2996 so

201 3023 348 3106 dixisset,
375 3022 507 3088 cedente
530 3020 651 3106 populo
675 3024 780 3086 morte
803 3021 967 3087 mactavit.
1010 3021 1211 3108 Gratamque

201 3113 300 3177 etiem
326 3111 419 3175 illam
448 3111 553 3196 legem
582 3114 698 3194 quarto
726 3109 853 3175 circiter
880 3114 913 3174 et
941 3112 1210 3198 quinquagesimo

201 3222 285 3266 anno
317 3203 394 3284 post
421 3199 544 3284 primos
572 3198 720 3264 consules
748 3197 787 3262 de
815 3199 920 3264 multa
946 3203 979 3263 et
1007 3205 1211 3266 sacramento

200 3287 255 3373 Sp.
277 3287 435 3371 Tarpeius
463 3291 496 3351 et
518 3286 557 3351 A.
581 3286 734 3351 Aternius
763 3288 911 3352 eonsules
938 3287 1079 3353 comitiis
1103 3292 1211 3355 centu·
1305 3328 1306 3337 .

201 3376 295 3441 riatis
319 3376 474 3440 tulerunt.
515 3373 618 3438 Annis
641 3378 757 3460 postea
778 3393 827 3439 xx
852 3397 890 3439 ex
914 3398 960 3460 eo,
984 3377 1070 3461 qnod
1093 3376 1128 3442 L.
1149 3376 1211 3443 Pa·
1225 3397 1253 3439 ss
1305 3428 1306 3437 ,

201 3493 228 3544 p.
243 3466 291 3545 41]
315 3462 417 3548 pirius
436 3461 472 3526 P.
490 3460 639 3527 Pinarius
663 3458 819 3548 eensolres
843 3464 956 3528 multis
980 3464 1121 3531 dicendis
1141 3466 1211 3532 vim

198 3555 423 3616 armentorum
452 3571 471 3613 a
495 3550 632 3632 privatis
654 3550 689 3613 in
712 3550 877 3635 publicum
899 3556 1100 3633 ,averterant
1127 3553 1210 3619 levis
