2654 3912
367 213 432 268 ΜΒ.
451 212 573 270 1.·cAP.
594 219 707 268 ra-re.
729 219 877 279 §ar-42.
1060 210 1128 274 395

117 357 333 424 eonscientiae
361 357 548 442 fraudisque
575 356 728 423 cruciatu.
769 353 891 433 Quodsi
913 354 1061 421 homines
1074 354 1127 420 ab
1164 438 1165 441 Ἴ

117 446 236 511 iniuria
267 468 385 531 poena,
415 467 482 511 non
510 448 629 511 natura
656 466 763 511 areere
790 443 936 527 deberet,
968 464 1127 528 quaenam

118 534 303 602 sollicitudo
327 537 459 599 vexaret
476 533 595 619 impios
614 533 745 598 sublato
764 531 998 633 suppliciorum
1016 531 1127 633 inetu?

89 619 1058 777 itttttttitttdddtttttftdtdtdtutt
1071 622 1128 774 u

118 800 198 865 loris
217 821 349 865 oausam
368 799 512 883 aliquam
525 798 664 885 fingeret
678 797 960 882 defensionemque
973 796 1127 862 facinoris

117 911 139 953 a
167 891 303 953 naturae
329 887 399 952 iure
427 887 537 972 aliquo
566 891 743 971 quaereret.
788 884 879 962 Quae
906 885 934 951 ei
961 885 1129 972 appellare

118 976 238 1042 audent
266 975 373 1061 impii,
403 996 467 1059 quo
496 974 629 1040 tandem
657 974 765 1040 studio
792 975 941 1040 colentur
968 997 989 1039 a
1010 973 1128 1039 bonis?
1186 1056 1191 1065 ι

118 1064 241 1140 Quodsi
262 1085 381 1149 poena,
406 1064 435 1128 ei
458 1067 564 1129 metus
587 1063 752 1149 eupplioii,
774 1084 841 1128 non
862 1062 937 1148 ipsa
958 1061 1128 1149 turpitudo

78 1170 104 1210 ιο
117 1154 261 1219 deterret
283 1152 325 1217 ab
347 1152 505 1218 iniuriosa
523 1151 768 1237 facinerosaque
790 1151 868 1237 vite,
890 1173 985 1217 nemo
1009 1155 1060 1217 est
1081 1150 1128 1216 in·

117 1242 237 1326 iustus,
264 1244 323 1306 aut
345 1240 468 1306 inoauti
489 1241 600 1326 potius
622 1240 764 1305 habendi
787 1245 864 1305 sunt
885 1240 1028 1326 inprobi3
1055 1242 1127 1305 tum
1145 1252 1180 1302 41

118 1334 242 1414 autem,
270 1329 325 1414 qui
352 1350 418 1394 non
439 1329 513 1414 ipro
535 1329 674 1394 honesto
697 1350 879 1413 movemur,
906 1328 1044 1394 utboni
1066 1327 1129 1393 viri

5 1490 6 1493 Ἴ
118 1420 229 1503 simne,
252 1419 309 1484 sed
330 1418 476 1484 utilitate
494 1417 605 1502 aliqua
623 1420 721 1501 atque
738 1416 856 1501 fructu,
879 1416 989 1482 callidi
1008 1437 1129 1501 eumue,

117 1529 184 1573 non
210 1507 302 1592 boni3
332 1529 410 1572 nam
438 1505 515 1592 quid
537 1506 636 1571 faciet
658 1507 686 1571 ie
709 1505 807 1570 homo
830 1505 866 1570 in
888 1505 1045 1589 tenebris,
1074 1505 1129 1590 qui

79 1613 105 1653 ¹5
118 1596 202 1661 nihil
228 1596 324 1661 timet
350 1595 415 1660 nisi
441 1599 560 1660 tentem
588 1598 622 1659 et
646 1594 807 1659 iudicem?
839 1593 916 1679 quid
943 1592 978 1659 in
1000 1594 1129 1659 deserto

120 1706 183 1770 quo
215 1684 287 1751 looo
317 1688 446 1768 nactus,
479 1704 574 1768 quem
606 1683 710 1748 multo
739 1704 818 1747 auro
845 1681 987 1767 spoliare
1014 1681 1129 1768 possit,

119 1772 307 1838 inbecillum
335 1776 432 1856 atque
460 1771 589 1837 solum?
625 1769 747 1835 Noster
774 1769 904 1856 quidem
931 1769 985 1836 hie
1011 1774 1130 1836 natura

119 1861 224 1926 iustus
255 1860 306 1925 vir
338 1883 375 1926 ao
405 1861 510 1926 bonus
538 1859 638 1924 etiarn
666 1859 891 1944 conloquatur,
922 1858 1064 1943 iuvabit,
1094 1858 1130 1925 in

119 1949 207 2015 viam
230 1949 377 2032 deducet3
402 1948 542 2032 iuvem,
568 1947 624 2033 qui
646 1947 730 2011 nihil
753 1947 888 2013 alterius
911 1968 1010 2013 eausa
1030 1946 1130 2013 faciet

79 2054 107 2095 2⁰
121 2041 154 2103 et
176 2038 329 2103 metietur
352 2036 419 2103 suis
438 2036 616 2103 commodis
635 2036 752 2118 omnia,
775 2035 902 2120 videtis,
925 2036 1030 2120 eredo,
1052 2035 1130 2120 quid

121 2126 165 2190 sit
192 2130 338 2210 aeturus3
365 2125 481 2211 quodsi
507 2124 644 2212 negabit
671 2146 705 2189 se
733 2124 784 2188 illi
813 2124 917 2189 vitam
944 2129 1131 2209 erepturum

121 2219 154 2281 et
182 2236 297 2280 aurum
323 2214 524 2299 ablaturum,
550 2234 728 2300 numquam
756 2214 798 2279 ob
829 2234 902 2279 eam
923 2232 1056 2280 comam
1077 2233 1131 2279 ne·

122 2303 228 2389 gabit,
260 2302 347 2388 quod
377 2302 411 2367 id
441 2306 561 2368 nature
586 2306 683 2388 turpe
704 2302 838 2387 iudicet,
864 2292 921 2362 sed
953 2299 1041 2387 quod
1067 2321 1132 2367 me·

121 2396 207 2475 tuat,
238 2413 280 2456 ne
307 2395 448 2475 emanet,
477 2391 511 2455 id
538 2394 656 2456 estne
682 2392 806 2456 malurn
833 2390 963 2456 habeat.
1008 2388 1130 2457 Orem

79 2498 108 2536 ro
123 2481 269 2566 dignam,
295 2479 331 2544 in
358 2501 423 2564 qua
444 2501 511 2545 non
533 2479 629 2545 modo
654 2479 754 2561 docti,
781 2478 839 2543 sed
861 2478 962 2544 etiam
983 2481 1131 2565 agrestes

123 2568 328 2632 erubescant!

188 2654 258 2719 Iam
295 2677 373 2721 vero
406 2654 489 2720 illud
521 2655 768 2739 stultissimum,
804 2655 990 2720 existimare
1021 2654 1131 2720 omnia
1142 2624 1184 2750 142

122 2743 209 2809 iusta
232 2765 312 2827 esse,
334 2764 417 2829 quae
440 2743 504 2808 sita
527 2742 650 2808 sintin
672 2744 868 2829 populorum
890 2742 1050 2808 institutio
1074 2746 1132 2808 aut

122 2832 260 2919 legibus.
300 2830 462 2916 Etiamne,
485 2831 514 2897 ei
536 2854 619 2917 quae
641 2832 738 2918 leges.
755 2831 823 2896 sint
844 2832 1080 2914 tyrannorum?
1103 2831 1132 2897 si

82 2937 110 2977 ω
123 2919 262 3008 triginta
282 2919 334 2985 illi
356 2919 496 2986 Athenis
517 2920 608 3006 leges
630 2920 785 3006 inponere
807 2918 1000 3002 voluissent,
1023 2922 1081 2984 aut
1103 2920 1132 2985 ai

123 3030 234 3074 omnes
267 3008 483 3075 Athenienses
515 3009 752 3075 delectarentur
783 3006 961 3092 tyrannicis
994 3007 1024 3073 le
1052 3007 1132 3094 'buu

122 3120 200 3162 num
236 3097 354 3163 ideireo
392 3119 448 3163 eae
483 3098 711 3184 legeu·iustee
742 3095 963 3162 haberentur?
1040 3095 1132 3182 ihilo,

123 3185 231 3270 oredo,
253 3185 359 3273 magis
381 3185 454 3269 illa,
477 3208 574 3270 quarn
595 3185 739 3252 interrex
760 3188 873 3250 noster
894 3184 986 3269 tulit,
1008 3187 1046 3249 ut
1069 3184 1132 3251 die·

122 3278 225 3359 tator,
258 3296 354 3360 quem
383 3274 483 3340 vellet
514 3274 647 3359 civium,
677 3275 889 3340 indunuotum
920 3276 982 3339 aut·
1009 3272 1132 3340 indicta

83 3376 109 3419 ⁸⁵
124 3385 221 3429 cauea
249 3362 369 3448 inpune
397 3366 513 3448 posset
539 3362 691 3429 ooeidere.
735 3361 798 3427 Est
827 3362 913 3428 enirn
941 3383 1042 3428 uuum
1071 3362 1131 3445 ius,

124 3473 187 3536 quo
210 3451 360 3518 devincta
383 3455 433 3517 est
454 3451 624 3518 hominum
647 3452 795 3535 societas,
818 3454 852 3516 et
875 3449 961 3536 quod
983 3450 1035 3516 lex
1058 3374 1178 3583 oon-R

124 3539 232 3605 stituit
254 3562 332 3624 una3
355 3562 437 3624 quae
460 3540 512 3606 lex
536 3544 587 3605 eet
608 3543 699 3605 reete
720 3539 806 3605 ratio
829 3538 1010 3625 imperandi
1032 3541 1131 3623 atque
