2652 3908
408 214 476 271 um.
495 215 544 270 111.
571 215 648 272 one.
667 221 779 272 ra-ra
798 222 814 283 s
832 222 945 272 aa-aa.
1063 198 1066 204 ’
1101 213 1172 282 ’119

164 384 246 448 pora
263 360 434 445 intereant,
455 380 522 426 non
539 359 701 425 intereant
714 381 827 426 umore
841 364 899 426 aut
913 361 1029 446 spiritu
1044 361 1173 445 amisso,

164 449 357 604 ppaesertipp
381 471 456 602 aurpl
477 449 638 515 intereant
661 448 1022 602 etiamtnpmioloplore.
1068 448 1172 604 ngm
1191 465 1226 516 oo

165 561 184 603 o
230 560 333 604 remi
401 560 434 603 ιιι
457 558 508 603 em
531 559 700 604 commune
724 558 758 602 es
819 559 1108 604 eoa1o·verum
1143 559 1174 604 a·

165 648 238 692 men
261 559 427 692 videamqus
451 626 581 692 exitum.
626 623 679 691 Ita
700 624 813 709 voltis,
841 587 974 711 opinor,²
996 626 1080 691 nihil
1103 648 1174 692 esse

138 715 286 780 sanimal
323 714 517 780 intrinsecus
548 713 584 779 in
613 718 732 779 natura
764 719 862 799 atque
893 715 1013 793 mundo
1044 718 1174 800 praeter

164 804 283 890 ignem.
331 800 393 879 Qui
416 803 521 889 magis
546 824 643 886 quam
665 806 795 888 praeter
818 801 973 886 animam,
1000 802 1084 869 unde
1107 806 1174 868 ani·

165 892 325 957 mentium
349 913 476 976 quoque
498 894 627 957 constet
649 891 786 975 animus,
809 912 847 956 ex
871 913 935 975 quo
959 892 1080 957 animal
1100 891 1174 959 dioi-

165 980 241 1045 tnr?
278 978 348 1056 Quo
367 979 463 1046 modo
483 983 593 1046 autem
610 979 681 1063 hoo,
704 979 797 1065 quasi
815 979 1017 1064 concedatur,
1036 980 1174 1064 sumitis,

164 1069 247 1135 nihil
271 1090 341 1134 esse
364 1069 509 1133 animum
526 1068 590 1133 nisi
608 1067 740 1154 ignem?
763 1068 966 1154 probabilius
985 1069 1070 1133 enim
1088 1069 1174 1135 vide·

126 1175 152 1215 ιο
165 1163 220 1222 tur
246 1158 314 1222 tale
338 1157 490 1241 quiddam
514 1177 584 1221 esse
607 1156 766 1239 animum,
795 1160 833 1221 ut
855 1157 900 1221 ait
922 1179 960 1221 ex
983 1157 1053 1243 igni
1076 1161 1174 1242 atquo

167 1244 275 1311 anima
297 1248 523 1331 temperatum.
560 1242 681 1320 Quodsi
703 1244 790 1330 iguis
813 1266 852 1310 ex
875 1265 945 1311 sese
964 1244 1034 1330 ipse
1052 1247 1174 1312 animal

166 1338 216 1399 est
238 1334 330 1399 nulla
353 1354 387 1399 se
411 1334 476 1398 alia
499 1332 696 1399 admiscente
717 1336 845 1416 natura,
868 1334 1021 1418 quoniam
1045 1334 1082 1418 is,
1101 1356 1174 1401 oum

165 1423 251 1487 inest
273 1422 308 1487 in
330 1421 520 1507 corporibus
542 1421 678 1505 nostris,
702 1421 815 1506 efficit,
838 1425 875 1486 nt
898 1422 1087 1507 sentiamus,
1109 1445 1174 1488 non

165 1515 276 1596 potest
303 1511 372 1595 ipse
397 1531 470 1575 esse
491 1509 560 1574 sine
583 1531 688 1575 sensu.
733 1509 858 1574 Rursus
882 1510 995 1575 eadem
1017 1510 1079 1577 diei
1102 1533 1175 1598 pos·

126 1616 152 1657 1⁵
166 1603 255 1664 sunt:
292 1597 454 1684 Quidquid
486 1602 536 1663 est
567 1597 667 1681 enim,
700 1598 787 1681 quod
819 1618 948 1664 sensum
975 1599 1110 1684 habeat,
1141 1600 1175 1665 id

165 1708 296 1754 neeesse
315 1690 366 1753 est
384 1687 505 1752 sentiat
523 1689 556 1751 et
573 1686 776 1771 voluptatem
796 1689 829 1752 et
842 1686 1002 1772 dolorem3
1022 1686 1174 1773 adquam

166 1780 276 1841 autem
295 1776 389 1842 dolor
406 1775 525 1859 veniat,
544 1773 585 1840 ad
603 1775 739 1840 eundem
757 1773 857 1840 etiam
872 1774 1042 1841 interitum
1055 1777 1174 1842 venire.

165 1863 219 1930 Ita
240 1865 288 1949 fit,
310 1868 348 1930 nt
369 1886 410 1929 ne
428 1864 538 1950 ignem
556 1862 685 1947 quidem
704 1862 830 1929 efficere
848 1863 983 1948 possitis
998 1868 1174 1930 aeternum.

167 1951 250 2029 Quid
277 1953 386 2019 enim?
417 1974 483 2018 non
510 1951 630 2017 eisdem
657 1951 750 2017 vobis
777 1952 886 2037 placet
913 1974 1042 2018 omnem
1064 1953 1175 2040 ignem
1192 1967 1226 2015 3⁷

128 2045 281 2127 sopanus
304 2041 450 2127 indigere
471 2062 531 2107 nee
553 2062 742 2126 permanere
764 2041 833 2106 ullo
857 2041 952 2106 modo
975 2062 1085 2126 posse,
1112 2041 1175 2107 nisi

167 2130 297 2195 alatur?
321 2130 366 2194 ali
389 2132 497 2195 autem
522 2129 639 2214 solem,
661 2129 787 2213 lunam,
809 2129 936 2214 reliqua
959 2134 1050 2195 astra
1072 2129 1175 2216 aquis,

167 2218 233 2285 alia
256 2218 417 2302 dulcibus,
447 2217 514 2283 alia
536 2217 693 2284 marinis?
737 2216 884 2303 Eamque
908 2240 1039 2284 eausam
1062 2216 1175 2284 Clean·

166 2308 240 2373 thes
263 2306 379 2389 adfert,
402 2327 459 2373 eur
481 2327 516 2372 se
539 2305 589 2371 sol
612 2305 733 2371 referat
754 2327 814 2372 neo
836 2306 967 2393 longius
989 2307 1176 2393 progredia-

166 2399 221 2461 tur
243 2394 413 2461 solstitiali
436 2393 508 2460 orbi
529 2393 672 2479 itemque
695 2394 847 2479 brumali,
868 2416 909 2459 ne
928 2395 1060 2481 longius
1077 2394 1175 2461 disee

127 2499 155 2541 ιι
169 2484 226 2549 dat
249 2504 269 2549 a
291 2483 373 2550 eibo.
418 2481 490 2549 Hoc
512 2486 620 2549 totum
643 2482 739 2567 quale
763 2482 820 2568 sit,
843 2505 932 2567 mox,
958 2505 1043 2549 nuno
1066 2487 1175 2549 autem

168 2571 378 2638 concludatur
404 2571 499 2637 illud:
530 2571 616 2656 quod
642 2570 776 2636 interire
802 2571 920 2656 possit,
946 2571 981 2637 id
1008 2575 1175 2637 aeternum

167 2681 234 2724 non
257 2681 326 2725 esse
348 2663 479 2744 natura3
505 2659 615 2746 ignem
639 2664 748 2725 autem
770 2659 978 2724 interiturum
1001 2681 1084 2744 esse,
1112 2659 1176 2726 nisi

169 2748 291 2831 alatur3
312 2769 379 2813 non
401 2769 470 2813 esse
493 2748 595 2834 igitur
617 2752 736 2813 natura
758 2747 869 2833 ignem
892 2748 1134 2834 sempiternum.

235 2834 371 2911 Qualem
408 2840 517 2902 autem
553 2836 649 2902 deum
684 2835 875 2922 intellegere
906 2858 966 2902 nos
1002 2858 1175 2922 possumus
1188 2808 1229 2935 ἒξ

128 2939 155 2981 ⁸0
167 2924 260 2990 nulla
272 2923 394 2989 virtute
408 2923 612 3009 praeditum?
636 2922 720 3000 Quid
734 2923 841 2990 enim?
855 2925 1102 3010 prudentiamne
1116 2926 1176 2992 deo

167 3012 357 3097 tribuemus,
381 3033 463 3096 quae
481 3017 610 3079 constat
627 3033 666 3078 ex
685 3012 821 3079 seientia
838 3034 948 3079 rerum
965 3013 1125 3079 bonarum
1143 3017 1177 3079 ot

167 3101 328 3168 malarum
343 3104 377 3166 et
393 3122 452 3167 nee
470 3101 630 3167 bonarum
647 3123 707 3167 neo
721 3101 903 3168 malarum?
927 3099 987 3167 Cui
1000 3102 1080 3168 mali
1093 3102 1176 3167 nihil

167 3194 217 3256 est
239 3211 298 3256 neo
322 3210 392 3256 esse
414 3193 533 3276 potest,
557 3189 634 3275 quid
656 3188 733 3255 huie
755 3211 836 3275 opus
860 3193 911 3256 est
933 3190 1054 3256 dilectu
1076 3191 1177 3258 bono·

166 3301 238 3344 rum
266 3281 300 3344 et
327 3278 510 3345 malorum?
538 3277 615 3363 quid
643 3282 752 3343 autem
775 3278 925 3344 ratione?
952 3278 1030 3363 quid
1051 3278 1178 3345 intelle·

126 3380 153 3423 ⁸⁶
168 3366 300 3453 gentia?
332 3366 450 3452 quibus
477 3366 601 3433 utimur
629 3364 671 3431 ed
698 3386 769 3431 eam
797 3388 880 3451 rem,
906 3369 944 3432 ut
972 3367 1094 3452 apertis
1122 3367 1178 3433 ob·

167 3476 260 3521 seura
282 3454 512 3541 adsequamur3
535 3457 571 3520 et
593 3454 766 3519 obscurum
789 3454 849 3520 deo
866 3454 950 3520 nihil
968 3458 1079 3540 potest
1098 3475 1177 3520 esse.

48 3570 52 3577 ·
165 3540 252 3609 Nam
275 3543 416 3627 iustitia,
442 3563 525 3626 quae
547 3562 643 3607 annm
665 3542 780 3626 cuique
803 3542 985 3626 distribuit,
1008 3541 1085 3627 quid
1107 3563 1177 3627 per·
