2652 3920
185 215 250 277 242
535 211 584 266 DE
603 211 844 267 DIVINATIONE

186 358 315 442 quidem
343 358 443 444 digna
469 358 608 423 ducant?
643 356 713 422 Nec
740 357 825 421 enim
853 356 1005 443 ignorare
1034 355 1112 422 deus
1139 379 1195 442 po·

185 450 260 530 test,
283 469 347 532 qua
370 449 477 512 mente
501 446 636 530 quisque
660 446 712 530 sit,
734 467 793 512 nec
810 444 934 510 frustra
952 467 990 511 ao
1009 445 1078 510 sine
1097 466 1195 511 causa

185 535 262 620 quid
284 535 390 601 facere
414 535 548 621 dignum
571 535 630 599 deo
654 537 717 618 est,
742 532 827 619 quod
851 534 1006 599 abhorret
1029 534 1129 599 etiam
1152 533 1194 599 ab

185 623 327 689 hominis
350 623 542 689 constantia.
579 621 640 706 Ita,
663 622 692 687 si
710 623 865 707 pleraque
883 622 1010 687 somnia
1029 627 1086 687 aut
1103 622 1194 708 igno·

185 715 300 777 rantur
318 716 375 779 aut
392 713 619 798 negleguntur,
637 715 695 776 aut
711 711 816 775 nescit
831 710 893 776 hoc
907 711 985 775 deus
1001 714 1058 775 aut
1071 710 1195 775 frustra
1223 728 1237 769 a

186 800 386 866 somniorum
416 799 654 886 significatione
685 800 804 883 utitur3
836 803 869 863 et
899 798 1017 864 horum
1043 803 1195 865 neutrum
1227 874 1231 879 ¹

185 890 220 952 in
247 889 342 956 deum
370 887 470 972 cadit3
495 888 579 954 nihil
605 888 708 974 igitur
734 909 755 953 a
777 888 837 954 dec
860 887 994 952 somniis
1018 887 1196 974 significari

184 977 353 1042 fatendum
375 981 433 1042 est.

131 1047 184 1173 ide
251 1065 339 1130 Illud
366 1066 466 1131 etiam
493 1066 636 1149 requiro,
665 1087 735 1148 cur,
765 1064 793 1129 si
820 1063 897 1128 deus
919 1064 985 1128 ista
1007 1064 1079 1129 visa
1100 1064 1195 1130 nobis

185 1154 375 1240 providendi
393 1174 491 1220 causa
511 1154 576 1237 dat,
593 1175 659 1218 non
676 1152 890 1239 vigilantibus
904 1153 1013 1237 potius
1028 1152 1083 1217 det
1097 1174 1195 1237 quam
1211 1170 1237 1212 n

105 1281 109 1288 ·
187 1243 430 1308 dormientibus.
468 1240 543 1307 Sive
566 1242 652 1306 enim
676 1246 826 1306 externus
849 1245 882 1306 et
906 1239 1106 1306 adventicius
1125 1242 1195 1326 pul·

186 1353 242 1396 sus
270 1332 397 1396 animos
424 1331 654 1396 dormientium
680 1333 875 1413 commovet,
903 1329 971 1394 sive
993 1352 1051 1415 per
1074 1351 1108 1395 se
1131 1330 1196 1416 ipsi

187 1420 288 1484 animi
310 1424 494 1503 moventur,
521 1419 589 1484 sive
613 1441 695 1503 quae
718 1439 816 1484 causa
839 1418 904 1482 alia
926 1420 986 1502 est,
1008 1440 1065 1484 cur
1087 1439 1196 1484 secun-

187 1509 264 1573 dum
287 1508 428 1593 quietem
453 1508 575 1592 aliquid
598 1507 720 1591 videre,
750 1506 873 1591 audire,
901 1527 997 1593 agere
1020 1507 1195 1591 videamur,

188 1598 299 1662 eadem
318 1618 416 1663 causa
433 1596 647 1683 vigilantibus
666 1616 736 1660 esse
755 1598 898 1680 poterat3
920 1595 1017 1679 idque
1036 1595 1064 1659 si
1082 1599 1196 1660 nostra
1211 1612 1237 1653 15

187 1707 283 1751 causa
303 1684 335 1750 di
354 1686 527 1752 secundum
547 1686 689 1769 quietern
706 1684 859 1767 facerent,
877 1683 1090 1769 vigilantibus
1109 1684 1195 1748 idem

185 1774 343 1859 facerent,
370 1774 563 1860 praesertim
592 1795 665 1838 cum
689 1769 890 1857 Chrysippus
914 1771 1125 1838 Academicos
1147 1794 1196 1838 re·

185 1863 301 1928 felleus
325 1863 487 1948 permulto
511 1862 650 1928 clariora
674 1865 707 1925 et
730 1862 870 1926 certiora
892 1881 962 1925 esse
986 1860 1085 1944 dicat,
1113 1883 1196 1945 quae

186 1952 400 2037 vigilantibus
419 1951 599 2034 videantur,
623 1972 720 2033 quam
739 1971 820 2033 quae
840 1949 1085 2015 somniantibus.
1119 1949 1196 2014 Fuit

186 2041 289 2126 igitur
307 2039 415 2104 divina
434 2038 646 2104 beneficentia
664 2038 802 2123 dignius,
825 2059 898 2102 cnm
916 2037 1122 2104 consulerent
1139 2060 1195 2103 no·
1209 2056 1237 2096 2⁰

187 2128 253 2211 bis,
276 2128 415 2193 clariora
437 2127 509 2193 visa
531 2127 607 2191 dare
629 2126 783 2212 vigilanti
806 2146 904 2210 quam
927 2125 1116 2191 obscuriora
1137 2147 1196 2212 per

189 2236 346 2281 somnum.
387 2214 479 2292 Quod
507 2214 660 2300 quoniam
686 2236 752 2279 non
778 2214 829 2298 fit,
859 2214 985 2279 somnia
1008 2213 1117 2279 diviua
1139 2238 1197 2301 pu·

137 2305 302 2369 lactanda
319 2325 386 2369 non
404 2307 489 2369 sunt.
524 2303 595 2368 Iam
614 2324 691 2368 vero
711 2302 787 2386 quid
807 2324 887 2388 opus
906 2306 957 2367 est
975 2303 1197 2369 circumitione

189 2398 222 2458 et
250 2392 411 2477 anfractu,
437 2397 475 2459 ut
498 2393 541 2457 sit
564 2392 718 2456 utendum
741 2391 973 2475 interpretibus
997 2392 1196 2458 somniorum

188 2482 307 2566 potius,
331 2504 427 2565 quam
452 2482 579 2546 derecto
598 2481 686 2562 deus,
707 2478 864 2563 siquidem
883 2480 977 2544 nobis
996 2481 1195 2562 consulebat,
1209 2496 1237 2539 ss

189 2569 286 2637 ‘Hoc
307 2570 444 2655 facito,
469 2570 541 2635 boo
568 2591 613 2634 ne
639 2567 796 2634 feceris'
820 2567 940 2633 diceret
967 2568 1063 2652 idque
1089 2569 1196 2634 visum

188 2659 341 2746 vigilanti
362 2659 472 2744 potius
497 2680 594 2744 quam
617 2656 790 2722 dormienti
813 2657 926 2721 daret?

136 2750 179 2814 62
254 2748 325 2813 Iam
361 2769 438 2814 vero
476 2747 547 2833 quis
584 2746 688 2812 dicere
725 2745 841 2810 audeat
877 2765 955 2811 vera
986 2746 1095 2811 omnia
1127 2766 1198 2812 essa

189 2837 337 2903 somnia?
383 2836 564 2922 ‘Aliquot
597 2833 745 2900 somnia
776 2832 891 2917 vera',
925 2833 1032 2918 inquit
1061 2833 1196 2919 Ennius,

190 2926 269 2991 ‘sed
297 2926 424 2991 omnia
450 2947 613 2990 noenum
639 2943 795 2989 necesse
818 2921 902 2987 est'.
943 2920 1031 2997 Quae
1055 2928 1105 2988 est
1126 2927 1239 2988 tan-ao

190 3014 261 3079 dem
285 3014 351 3079 ista
373 3013 560 3078 distinctio?
584 3033 778 3096 quaerere,
802 3032 884 3095 quae
906 3009 993 3075 falsa
1010 3010 1131 3078 habet?
1155 3014 1196 3095 et,

190 3103 218 3166 si
241 3124 317 3167 vera
340 3125 360 3167 a
383 3101 442 3167 deo
465 3101 654 3181 mittuntur,
681 3099 767 3165 falsa
788 3098 872 3164 unde
894 3101 1093 3166 nascuntur?
1120 3121 1197 3166 nam

190 3190 218 3254 si
242 3212 279 3254 ea
302 3211 430 3275 quoque
453 3190 570 3273 divina,
594 3187 670 3272 quid
692 3189 929 3253 inconstantius
950 3187 1032 3253 deo?
1056 3188 1134 3272 quid
1150 3188 1197 3252 in-

190 3277 301 3342 scitius
334 3283 443 3342 autem
472 3282 523 3343 est
550 3298 647 3362 quam
675 3279 799 3340 mentes
827 3276 1015 3341 mortalium
1042 3275 1136 3341 falsis
1165 3280 1198 3341 et

190 3365 397 3431 mendacibus
420 3366 499 3432 visis
523 3364 705 3431 concitare?
729 3364 781 3428 sin
797 3385 877 3430 vera
894 3363 965 3429 visa
984 3364 1093 3430 divina
1111 3386 1173 3430 sun
1209 3380 1238 3422 ³⁵

189 3453 274 3517 falsa
293 3459 402 3519 autem
420 3458 454 3519 et
472 3454 582 3518 inania
599 3451 750 3533 humana,
769 3473 851 3536 quae
865 3456 914 3517 est
927 3452 993 3517 ista
1007 3451 1198 3540 designandi

190 3542 331 3622 licentia,
353 3546 390 3605 ut
412 3541 475 3606 hoc
497 3541 584 3622 deuS,
607 3539 670 3604 hoc
691 3544 810 3604 natura
831 3539 945 3605 fecerit
966 3540 1076 3625 potius
1100 3563 1198 3621 quam
