2630 3904
429 209 496 265 ars.
515 210 537 266 a
561 208 637 264 one.
656 217 681 278 1,
699 216 725 264 a.
748 215 861 277 ςι-ε,
1130 207 1152 274 a

138 357 231 422 tione
257 377 367 421 rerum
389 357 519 438 vacent,
547 376 589 419 an
612 358 727 419 contra
753 354 795 419 ab
821 354 863 420 iis
890 357 925 420 et
946 375 967 419 a
992 353 1152 440 principio

139 444 252 509 omnia
273 443 362 509 facta
385 447 420 508 et
441 442 620 510 constituta
638 443 705 508 sint
723 445 757 508 et
775 442 817 508 ad
836 442 1000 508 infinitum
1022 446 1152 528 tempus

138 537 298 619 regantur
321 537 420 616 atque
437 534 639 615 moveantur,
660 531 828 617 inprimis
851 552 972 617 magna
993 530 1152 597 dissensio

139 626 205 705 est,
235 643 339 705 eaque
364 621 430 687 nisi
452 618 659 702 diiudicatur,
685 619 719 684 in
742 641 869 685 summo
892 641 1001 686 errore
1021 640 1153 686 necesse

109 716 192 775 rest
213 710 363 775 homines
391 713 489 793 atque
515 709 551 773 in
573 709 788 774 maximarum
811 730 920 773 rerum
946 708 1152 795 ignoratione

138 798 274 865 versari.
315 795 399 862 Sunt
416 797 503 863 enim
520 796 710 882 philosophi
727 802 761 863 et
783 797 923 881 fuerant,
945 796 1002 882 qui
1020 777 1188 906 omnino}

138 888 267 952 nnllam
289 887 410 952 habere
438 888 607 952 censerent
628 906 737 951 rerum
764 885 980 951 humanarum
1002 907 1152 970 procura·

139 976 265 1043 tionem
288 975 374 1040 deos.
407 971 551 1050 Quorum
570 974 599 1039 si
616 995 695 1039 vera
712 974 875 1040 sententia
892 978 953 1059 est,
976 996 1059 1059 quae
1081 977 1153 1059 pot-

141 1069 192 1130 est
221 1084 293 1130 esse
321 1063 442 1149 pietas,
465 1085 548 1148 quae
578 1063 749 1147 sanctitas,
773 1084 855 1146 quae
882 1062 1021 1149 religio?
1061 1061 1152 1129 Haec

101 1153 228 1219 wenim
255 1152 366 1217 omnia
392 1173 473 1237 pure
501 1156 599 1235 atque
626 1156 716 1217 caste
744 1150 917 1217 tribuenda
939 1151 1073 1217 deorum
1094 1173 1153 1217 nu·

139 1241 222 1308 mini
249 1242 298 1306 ita
325 1245 416 1325 sunt,
443 1240 472 1306 si
499 1239 802 1306 animadvertuntur
829 1239 871 1305 ab
900 1240 955 1324 iis,
982 1240 1072 1306 etsi
1101 1243 1153 1306 est

139 1329 266 1414 aliquid
288 1352 309 1395 a
327 1329 395 1394 deis
417 1328 646 1394 inmortalibus
665 1327 834 1395 hominnm
852 1328 965 1415 generi
981 1329 1151 1395 tributum.

139 1417 200 1484 Sin
226 1422 338 1484 autem
364 1417 417 1482 dei
443 1438 548 1502 neque
576 1421 716 1502 possunt
737 1438 798 1484 nos
821 1416 933 1483 iuvare
955 1439 1014 1485 nec
1035 1418 1153 1484 volunt
1275 1466 1283 1501 ,

138 1529 200 1573 nec
222 1507 355 1572 omnino
377 1510 493 1572 curant
514 1527 587 1590 nec,
610 1505 688 1590 quid
710 1526 856 1593 agamus,
879 1505 1153 1591 animadvertunt,
1248 1503 1255 1535 ¹·

96 1613 200 1662 renec
227 1599 291 1679 est,
318 1594 406 1679 quod
432 1594 474 1660 ab
502 1593 544 1659 iis
570 1594 612 1660 ad
634 1594 804 1660 hominum
830 1594 934 1660 vitam
960 1616 1152 1680 permanare
1179 1636 1182 1649 ·
1205 1566 1236 1671 „l

138 1684 259 1770 possit,
282 1683 360 1769 quid
387 1686 439 1749 aa
460 1682 547 1768 quoa
573 1682 660 1748 unos
688 1682 757 1748 aa
783 1681 1013 1748 inmortalibus
1036 1683 1152 1767 meus,
1165 1658 1235 1782 pla

137 1773 295 1854 honores,
325 1792 436 1857 preces
460 1769 700 1837 adhibeamus?
734 1769 775 1836 ln
797 1771 902 1856 speeie
924 1774 1035 1838 autem
1056 1772 1152 1838 ficus
1176 1760 1218 1887 p',
1243 1768 1261 1853 ,’

139 1861 375 1944 simulationis,
408 1860 494 1925 sicut
514 1859 659 1944 reliquae
681 1859 834 1943 virtutes,
862 1859 943 1927 item
971 1859 1077 1946 pietas
1105 1860 1153 1926 iu·
1197 1900 1208 1927 r

139 1971 212 2016 esse
239 1970 306 2015 non
332 1951 456 2034 potest,
483 1969 556 2014 cum
579 1969 644 2033 qua
666 1947 764 2014 simul
792 1948 1001 2015 sanctitatem
1024 1953 1058 2017 et
1079 1949 1153 2016 reli·

95 2039 276 2126 sagionem
300 2037 377 2102 tolli
402 2058 533 2102 necesse
557 2040 620 2120 est,
643 2037 760 2121 quibus
784 2037 924 2103 sublatis
946 2037 1152 2123 perturbatio

138 2128 230 2192 sitae
262 2126 409 2211 sequitur
441 2129 475 2190 et
501 2146 623 2211 magna
649 2125 809 2209 confusio,
845 2131 953 2210 atque.
970 2126 1058 2192 haud
1084 2127 1151 2193 scio
1170 2149 1201 2201 4,

139 2237 185 2281 an
205 2214 329 2301 pietate
352 2214 507 2280 adversus
530 2213 607 2279 deos
628 2213 759 2279 sublata
780 2212 862 2279 fides
879 2215 980 2280 etiam
998 2218 1032 2280 et
1052 2215 1121 2281 soci
1161 2218 1197 2294 ἐς·
1220 2220 1248 2243 ·““

61 2314 64 2320 ’
139 2308 194 2370 tas
217 2302 345 2391 generis
366 2302 503 2368 humani
525 2305 560 2368 et
580 2324 646 2367 una
672 2302 944 2368 excellentissima
966 2303 1084 2387 virtus,
1105 2303 1141 2368 iu
1179 2298 1212 2379 ·.·³
1233 2360 1247 2375 ,,

140 2392 244 2477 stitia,
265 2391 413 2457 tollatur.
449 2388 532 2456 Sunt
555 2395 664 2456 autem
682 2390 740 2456 alii
761 2390 959 2476 philosophi,
982 2394 1015 2458 et
1036 2392 1061 2458 ii
1084 2414 1106 2477 q
1130 2393 1152 2440 ‘·
1174 2412 1186 2441 ¹··
1220 2400 1238 2419 “’

96 2497 127 2540 as
141 2482 216 2546 dem
243 2479 356 2567 magni
384 2482 483 2564 atquo
510 2478 650 2562 nobiles,
679 2479 735 2564 qui
758 2479 891 2545 deorum
918 2483 1027 2545 mento
1053 2485 1152 2564 atque

139 2569 268 2639 ratione
287 2590 416 2635 omnem
434 2568 590 2634 mundum
610 2566 832 2634 administrari
850 2571 884 2634 et
901 2568 974 2655 regi
991 2572 1152 2654 conseant,

139 2680 245 2743 neque
272 2656 408 2724 veroid
435 2656 557 2740 solum,
586 2655 766 2722 sedetiam
793 2657 835 2722 ab
858 2656 962 2724 isdem
981 2657 1153 2724 hominum

139 2747 229 2812 sitae
255 2743 383 2812 consuli
404 2748 438 2811 ot
464 2743 642 2830 provideri3
667 2747 801 2810 namet
826 2744 938 2832 fruges
961 2746 1152 2831 etreliqua,

141 2856 225 2920 quae
247 2837 338 2899 terra
359 2833 477 2919 pariat,
500 2836 533 2899 et
555 2837 768 2918 tempestates
784 2855 821 2900 ac
843 2837 1029 2918 temporum
1050 2834 1152 2901 varie-

98 2928 229 2989 auus
256 2922 402 3007 caelique
428 2921 640 3006 mutationes,
663 2922 781 3007 quibus
804 2921 927 3006 omnia,
954 2944 1036 3008 quae
1063 2926 1164 2991 terra

140 3012 269 3100 gignat,
291 3015 457 3078 maturata
474 3010 663 3096 pubescant,
687 3008 774 3077 adis
797 3010 1027 3077 inmortalibus
1049 3012 1152 3078 tribui

140 3101 254 3188 generi
275 3101 419 3166 humano
437 3102 557 3186 putant
578 3099 755 3185 multaque,
777 3121 860 3185 quae
878 3098 1025 3167 dicentur
1042 3100 1078 3166 in
1099 3101 1151 3167 his

139 3188 250 3275 libris,
282 3189 457 3277 colligunt,
485 3210 567 3273 quae
589 3188 671 3254 talia
694 3191 782 3272 sunt,
810 3192 847 3255 at
870 3209 909 3255 ea
937 3189 1010 3275 ipsa
1032 3188 1084 3255 dei
1105 3190 1152 3256 in·

140 3277 299 3345 mortales
322 3277 364 3344 sd
385 3298 482 3344 usum
498 3277 667 3343 hominum
684 3276 837 3343 fabricati
853 3299 956 3363 paene
973 3277 1152 3345 videmtnr.

101 3383 127 3425 ιο
141 3365 267 3432 Contra
298 3386 381 3451 quos
412 3364 595 3432 Carneades
626 3367 675 3432 ita
704 3365 810 3431 multa
838 3364 1005 3449 disseruit,
1034 3370 1071 3433 ut
1101 3389 1152 3433 ex·

140 3455 259 3522 citaret
289 3453 438 3521 homines
470 3475 537 3520 non
572 3454 723 3520 socordes
758 3452 799 3520 ad
830 3454 900 3519 veri
932 3454 1153 3538 investigandi

140 3542 366 3631 cupiditatem.
410 3542 476 3608 Res
503 3543 589 3609 enim
616 3542 709 3607 nulla
735 3546 798 3625 est,
826 3540 864 3605 de
888 3563 953 3626 qus
981 3545 1186 3626 tantoperet
