2654 3912
116 508 159 634 ll

116 1611 151 1660 24

167 216 234 280 414
557 214 606 269 DE
625 213 782 269 LEGIBUS

167 359 247 426 leto
280 359 391 425 datos
425 359 534 424 divos
565 359 750 444 habento;
782 362 975 444 sumptum
1008 359 1047 423 in
1078 357 1187 424 ollos

168 450 391 535 luctumque
413 447 626 513 minuunto.

233 537 311 604 Am.
334 535 496 603 Conclusa
520 535 649 622 quidem
673 540 723 601 est
742 558 762 601 a
779 539 813 601 te
831 557 1011 622 permagna
1029 535 1083 601 lex
1102 557 1185 600 sane

168 648 267 712 quam
285 624 392 709 brevi3
413 625 478 710 sed,
495 628 533 689 ut
551 625 633 689 mihi
652 624 781 710 quidem
799 624 936 710 videtur,
954 646 1021 689 non
1039 624 1185 689 multum

169 715 331 800 discrepat
352 714 418 778 ista
440 712 632 779 constitutio
651 712 848 800 religionum
866 735 887 780 a
904 713 1032 801 legibus
1052 711 1215 777 Numaes

167 803 352 888 nostrisque
382 800 535 867 moribus.
572 802 620 868 M.
643 801 698 866 An
720 823 845 887 censes,
874 823 973 887 quom
994 801 1029 866 in
1051 801 1117 866 illis
1141 800 1185 865 da
1229 819 1237 826 ·

168 914 203 957 re
221 891 353 977 publica
368 889 462 955 libris
476 890 671 975 persuadere
684 890 833 955 videatur
846 888 1021 956 Afiicanus
1035 889 1185 955 omnium

168 1002 276 1045 rerum
299 978 504 1065 publicarum
526 982 673 1044 nostram
696 982 839 1044 veterem
857 979 951 1043 illam
968 977 1070 1043 fuisse
1088 982 1184 1064 optu-

169 1091 266 1153 mam,
283 1089 350 1133 non
367 1088 498 1132 necesse
516 1088 587 1133 esse
607 1071 761 1153 optumae
775 1067 985 1153 reipublicae
1000 1067 1089 1154 leges
1105 1066 1185 1132 dara

169 1156 425 1223 consentaneas?
451 1155 529 1222 Ars.
542 1154 649 1222 Immo
662 1177 797 1241 prorsus
811 1156 859 1220 ita
873 1177 997 1221 censeo.
1026 1157 1074 1222 M.
1088 1154 1182 1241 Ergo
1199 1174 1228 1214 ιο

169 1245 249 1310 adeo
276 1247 443 1329 expectate
471 1243 575 1330 leges,
603 1266 686 1330 quae
709 1256 812 1332 genus
834 1243 917 1309 illud
940 1247 1111 1330 optumum
1134 1243 1184 1308 rei

168 1333 318 1419 publicae
342 1332 538 1418 contineant,
564 1335 606 1417 et,
629 1332 658 1398 si
681 1354 764 1418 queo
785 1332 872 1398 forte
895 1354 916 1399 a
938 1354 989 1398 me
1012 1332 1109 1397 hodie
1131 1354 1184 1397 ro·

170 1422 347 1508 gabuntur,
380 1443 462 1506 quae
493 1442 561 1487 non
592 1420 659 1485 sint
688 1421 723 1486 in
755 1424 869 1487 nostra
899 1442 935 1487 re
962 1421 1094 1506 publica
1121 1442 1183 1486 nec

168 1510 303 1595 fuerint,
325 1514 437 1575 tamen
459 1513 555 1575 erunt
577 1508 644 1574 fere
667 1509 703 1574 in
726 1531 815 1575 more
838 1510 1008 1594 maiorum,
1031 1509 1182 1595 quitum

169 1603 206 1664 ut
233 1599 286 1664 lex
312 1598 453 1664 valebat.
498 1599 574 1664 Am.
598 1594 703 1663 Suada
730 1598 845 1686 igitur,
875 1598 904 1664 si
930 1598 1052 1684 placet,
1081 1597 1182 1662 istam
1196 1616 1225 1657 1⁶

168 1688 274 1773 ipsam
295 1687 411 1774 legem,
433 1690 470 1752 ut
489 1707 551 1774 ego
570 1684 666 1752 ‘unm
685 1688 758 1769 [ru]
778 1685 906 1754 noaas'
924 1687 1049 1772 possim
1068 1686 1182 1767 dicere.

64 1802 66 1806 ’
168 1776 217 1842 M.
239 1775 307 1841 Ain
329 1776 482 1840 tandem?
510 1774 630 1860 Attice,
653 1797 720 1841 non
740 1795 774 1840 es
794 1774 938 1841 dicturus
958 1775 1076 1841 aliter?
1104 1777 1182 1841 Arr.

118 2937 152 2989 25

168 1864 306 1930 Prorsus
334 1864 492 1929 maiorem
520 1863 650 1949 quidem
673 1885 743 1929 rem
766 1864 892 1930 nullam
916 1864 1053 1931 sciscam
1077 1863 1181 1946 aliter,

167 1953 203 2018 in
226 1952 419 2038 minoribus,
447 1953 476 2017 si
497 1953 602 2037 voles,
625 1952 792 2018 remittam
815 1952 877 2019 hoc
900 1952 971 2019 tibi.
1014 1952 1048 2034 Q.
1071 1952 1181 2038 Atque

169 2063 243 2107 mea
265 2041 394 2127 quidem
416 2042 520 2107 eodsm
543 2041 705 2106 sententia
728 2044 786 2106 est.
822 2041 870 2107 M.
894 2041 954 2127 At,
981 2063 1022 2107 ne
1045 2040 1225 2127 longum'a

169 2131 241 2212 fiat,
267 2129 384 2195 videte.
429 2130 506 2195 Ars.
528 2127 665 2194 Utinam
693 2129 837 2215 quidem!
867 2129 945 2214 quid
972 2130 1057 2195 enim
1085 2150 1181 2216 agere

170 2218 355 2283 malumus?

235 2307 284 2371 M.
308 2303 405 2371 Casta
427 2305 519 2371 iubet
541 2306 594 2372 lex
618 2304 705 2370 adire
724 2304 766 2370 ad
784 2305 871 2391 deos,
894 2306 1003 2374 animo
1022 2306 1180 2390 uidelicet,

169 2395 204 2459 in
233 2416 296 2480 quo
324 2397 401 2459 sunt
428 2393 553 2478 omnia3
580 2415 640 2460 nec
662 2393 753 2458 tollit
776 2396 1003 2461 castimoniam
1026 2395 1180 2481 corporis,

170 2483 227 2549 sed
249 2482 312 2549 hoc
334 2485 466 2568 oportet
486 2482 649 2569 intellegi,
677 2504 776 2568 quom
800 2483 939 2549 multum
962 2483 1090 2549 animus
1114 2505 1180 2548 cor·
1194 2502 1223 2542 ss

169 2571 243 2658 pori
269 2574 415 2657 praestet
443 2572 710 2657 observaturque,
742 2576 780 2636 ut
809 2575 902 2637 casta'
927 2594 1065 2658 corpora
1092 2571 1180 2636 adhi-

170 2661 323 2745 beantur,
352 2661 456 2726 multo
487 2682 557 2726 esse
584 2661 620 2725 in
646 2660 764 2725 animis
791 2660 825 2725 id
848 2660 1042 2726 servandum
1065 2658 1180 2747 magis.

170 2748 256 2815 Nam
283 2749 366 2814 illud
393 2749 446 2815 vel
474 2748 660 2835 aspersione
688 2770 791 2833 aquae
818 2748 871 2814 rel
899 2749 1024 2815 diarum
1045 2770 1179 2815 numero

170 2838 314 2922 tollitur,
342 2837 443 2903 animi
470 2838 561 2903 labes
590 2858 650 2903 nec
673 2837 887 2903 diuturnitate
910 2858 1099 2903 evanescere
1121 2859 1180 2904 nec

171 2926 320 2992 amnibus
347 2927 425 2992 ullis
453 2926 518 2992 elui
540 2929 659 3012 potest.
701 2923 794 3002 Quod
816 2929 925 2992 autem
947 2925 1104 3011 pietatem
1127 2925 1180 2990 ad·
1193 2944 1220 2986 ro

170 3013 290 3098 hiberi,
313 3036 390 3100 opes
414 3015 558 3081 amoveri
579 3014 679 3099 iubet,
702 3013 866 3102 significat
887 3014 1085 3100 probitatem
1109 3035 1180 3100 gra-

171 3106 241 3168 tam
259 3123 328 3169 esse
347 3104 416 3189 deo,
435 3107 602 3189 sumptum
621 3125 691 3168 esse
709 3102 947 3168 removendum.
974 3100 1058 3179 Quid
1072 3102 1180 3167 enim?

171 3195 399 3277 paupertatem
426 3214 525 3278 quom
553 3191 676 3258 divitiis
705 3191 804 3258 etiam
830 3190 916 3256 inter
938 3190 1086 3256 homines
1110 3212 1180 3256 esse

172 3279 341 3364 aequalem
367 3279 520 3365 velimus,
547 3301 604 3346 cur
631 3302 702 3345 eam
730 3283 863 3364 sumptu
890 3278 932 3345 ad
954 3300 1048 3345 sacra
1070 3279 1179 3345 addito

172 3367 305 3432 deorum
337 3367 428 3432 aditu
460 3368 649 3434 arceamus?
680 3368 872 3453 praesertim
905 3389 1003 3452 quom
1029 3368 1093 3453 ipsi
1121 3367 1179 3434 deo
1192 3385 1218 3429 aa

171 3453 253 3518 nihil
282 3453 388 3518 minus
417 3459 549 3542 gratum
575 3455 722 3520 futurum
750 3456 794 3520 sit
821 3477 918 3540 quam
940 3477 1007 3520 non
1030 3456 1179 3523 omnibus

171 3544 284 3627 patere
316 3541 357 3606 ad
390 3564 424 3608 sa
455 3544 648 3628 placandum
680 3547 714 3608 et
745 3543 915 3609 colendum
941 3543 1039 3609 riam
1088 3541 1178 3618 Quod
