2652 3908
348 238 417 291 MB.
436 237 471 307 11,
496 235 572 292 csP.
594 243 706 293 12-14.
729 241 877 303 §as-ss.
1269 314 1273 323 Ι

1049 364 1090 381 ,..
1104 364 1126 407 q
1212 362 1218 366 -

102 381 240 448 cohibet
269 385 303 446 et
327 382 480 448 continet.
525 380 682 458 Quocirca
704 403 835 447 necesse
858 384 909 446 est
932 402 1002 446 esse
1023 400 1047 466 q
1106 415 1119 428 ·
1137 408 1153 453 a
1172 362 1204 416 {¹

101 474 177 536 tum
200 470 297 536 illum
320 473 354 535 et
377 469 574 537 altissimum
598 470 748 557 gradum,
772 492 836 555 quo
859 469 952 535 nulla
973 469 1023 534 vis
1045 414 1167 567 pos}

101 560 150 624 sit
182 559 344 625 accedere.
393 557 428 624 Is
459 562 569 624 autem
601 562 652 625 est
684 559 818 646 graduS,
848 557 884 623 in
915 579 979 643 quo
1010 579 1120 623 rerum
1137 571 1171 622 as

101 647 255 714 omnium
280 650 401 713 natura
426 647 573 733 ponitur3
603 669 684 733 quae
712 649 866 733 quoniam
888 646 966 711 talis
990 649 1054 731 est,
1081 649 1120 712 ut
1176 636 1200 735 κ’

74 741 139 802 see
166 735 293 822 praesit
320 735 532 823 omnibuspt
555 758 627 801 eam
640 736 742 821 ,nulla
763 757 816 801 res
838 735 945 821 possit
965 734 1119 820 inpedire,
1155 746 1185 763 ²
1221 756 1225 765 ³

101 846 239 891 necesse
271 827 323 889 est
356 823 602 911 intellegentem
635 845 705 890 esse
737 824 891 889 mundum
924 825 959 889 et
990 822 1119 908 quidem

103 913 209 979 etiam
231 913 422 999 sapientem.
459 911 544 989 Quid
567 916 676 979 autem
695 916 746 979 est
763 913 912 978 inscitius
931 933 1029 997 quam
1047 932 1120 976 eam

101 1006 271 1086 naturam,
295 1023 378 1086 quae
402 1003 507 1067 omnis
530 1023 582 1067 res
606 1002 651 1067 sit
673 1001 839 1087 conplexa,
860 1022 928 1066 non
950 1004 1118 1086 optumam

104 1090 186 1175 dici,
220 1093 290 1175 aut,
318 1112 392 1156 cum
419 1090 464 1156 sit
487 1093 634 1176 optuma,
665 1112 731 1156 non
753 1090 896 1175 primum
919 1089 1120 1155 animantem

64 1199 91 1238 ιο
106 1202 193 1263 esse,
222 1179 336 1244 deinde
363 1179 500 1245 rationis
524 1183 558 1244 et
581 1179 709 1245 consilii
731 1182 929 1264 compotem,
952 1181 1119 1264 postremo

105 1268 313 1354 sapientem?
363 1265 426 1344 Qui
462 1268 549 1333 enim
584 1271 695 1354 potest
731 1267 828 1332 aliter
859 1288 930 1332 esse
962 1266 1119 1352 optuma?

104 1357 222 1441 Neque
245 1356 341 1441 enim,
364 1357 394 1422 si
416 1355 569 1443 stirpium
592 1356 709 1421 similis
733 1357 777 1421 sit
800 1358 857 1421 aut
880 1355 980 1421 etiam
1001 1354 1120 1421 bestia·

103 1468 198 1531 rum,
234 1449 369 1530 optuma
400 1445 546 1530 putanda
577 1445 621 1510 sit
651 1444 762 1531 potius
795 1466 893 1530 quam
925 1444 1119 1527 deterruma,

102 1557 167 1599 nec
196 1554 287 1618 vero,
320 1533 349 1597 si
375 1533 513 1599 rationis
540 1534 705 1620 particeps
733 1533 777 1598 sit
803 1555 863 1599 nec
889 1532 934 1598 sit
960 1536 1072 1597 tamen
1099 1552 1120 1596 s

56 1640 89 1680 1⁵
103 1622 268 1708 principio
291 1622 430 1708 sapiens,
450 1643 518 1687 non
540 1622 585 1687 sit
603 1622 744 1688 deterior
761 1621 875 1686 mundi
891 1619 1002 1707 potius
1021 1641 1119 1705 quam

103 1712 253 1776 humana
288 1710 447 1795 condicio,
482 1711 581 1777 homo
618 1711 704 1776 enim
736 1711 866 1796 sapiens
897 1709 969 1774 fieri
999 1710 1119 1794 potest,

104 1799 248 1866 mundus
275 1803 386 1864 autem
409 1799 438 1864 si
460 1799 496 1864 in
518 1803 650 1865 aeterno
673 1799 844 1885 praeteriti
867 1797 1023 1883 temporis
1047 1818 1119 1882 spa-

104 1890 155 1955 tio
178 1887 244 1952 fuit
265 1887 436 1973 insipiens,
458 1910 636 1974 numquam
658 1888 805 1973 profecto
828 1886 1023 1972 sapientiam
1046 1907 1119 1951 con·

106 1981 277 2063 sequetur3
308 1977 357 2042 ita
388 1977 452 2042 erit
482 1976 613 2042 homine
646 1977 794 2042 deterior.
844 1974 937 2052 Quod
965 1974 1120 2060 quoniam

64 2082 93 2124 ω
106 2065 287 2132 absurdum
309 2068 369 2145 est,
392 2068 426 2131 st
449 2066 578 2151 sapiens
602 2088 622 2131 a
643 2065 804 2152 principio
827 2064 967 2130 mundus
989 2067 1023 2129 et
1041 2063 1119 2129 deus

105 2154 277 2221 habendus
299 2157 359 2219 est.
399 2151 514 2239 Neque
537 2154 623 2220 enim
646 2157 698 2219 est
720 2154 893 2239 quiequam
916 2151 1005 2218 aliud
1027 2173 1119 2238 prae-
1137 2166 1170 2216 37

105 2248 158 2309 ter
182 2242 347 2327 mundum,
371 2242 423 2308 cui
438 2242 528 2307 nihil
552 2243 648 2328 absit,
671 2241 820 2328 quodque
842 2241 984 2327 undique
1005 2243 1120 2326 aptum

106 2334 207 2416 etque
230 2330 411 2417 perfectum
434 2332 661 2417 expletumque
684 2331 728 2396 sit
751 2326 902 2397 omnibus
925 2330 992 2395 suis
1009 2350 1120 2395 nume-

106 2421 153 2485 ris
186 2423 221 2485 et
251 2419 411 2505 partibus.
465 2417 551 2485 Scite
583 2420 670 2485 enim
701 2417 918 2505 Chrysippus,
953 2421 992 2484 ut
1023 2416 1120 2503 clipei
1133 2411 1173 2476 14

66 2524 94 2567 ⁸⁶
107 2530 209 2575 causa
230 2508 448 2593 involucrum,
476 2509 631 2594 vaginam
654 2512 762 2574 autem
786 2507 898 2594 gladii,
921 2506 967 2573 sic
988 2511 1120 2593 praeter

107 2597 267 2663 mundum
293 2600 402 2663 cetera
429 2597 539 2662 omnia
566 2597 705 2662 aliorum
732 2617 830 2663 causa
857 2617 928 2662 esse
956 2597 1120 2683 generata,

106 2690 146 2753 ut
175 2707 231 2752 eas
257 2685 371 2773 fruges
394 2689 492 2771 atque
514 2685 653 2770 fructus,
686 2707 767 2770 quos
790 2689 879 2751 terre
901 2684 1023 2772 gignit,
1054 2686 1121 2749 ani·

106 2777 271 2841 mentium
288 2796 395 2860 causa,
418 2775 601 2841 animantes
621 2777 730 2840 autem
748 2773 926 2859 hominum,
945 2776 983 2838 ut
1001 2794 1121 2857 equum

108 2862 249 2929 vehendi
271 2884 382 2949 causa,
410 2863 525 2929 arandi
547 2864 677 2946 bovem,
699 2862 839 2929 venandi
862 2866 896 2928 et
919 2859 1121 2929 custodiendi

68 2967 232 3018 ”canem
272 2950 349 3038 Ipso
371 2955 481 3018 sutem
504 2952 602 3018 homo
626 2954 717 3017 ortus
741 2955 793 3017 est
815 2951 857 3017 ad
874 2950 1030 3017 mundum
1048 2971 1121 3017 con·

107 3039 336 3127 templandum
358 3044 393 3106 et
413 3040 616 3126 imitandum,
637 3040 730 3106 nullo
752 3040 850 3106 modo
869 3039 1041 3126 perfectus,
1064 3038 1122 3103 sed

107 3125 1004 3321 tt{multtatus,illudit
1021 3149 1122 3320 lit
1139 3138 1174 3190 ³³

70 3310 289 3482 „iffi
302 3305 888 3480 rhll'dllldzatlthtl·
904 3305 995 3460 ult
1011 3309 1122 3460 itti

109 3487 162 3550 est
183 3487 292 3550 mente
316 3487 350 3549 et
371 3482 498 3550 ratione
521 3483 652 3566 melius3
674 3503 754 3570 ergo
772 3482 853 3549 haec
871 3482 991 3548 mundo
1010 3481 1121 3547 deesse

108 3593 177 3638 non
199 3576 347 3658 possrmt.
383 3571 472 3638 Bene
494 3572 597 3658 igitur
619 3570 706 3636 idem
720 3569 932 3656 Chrysippus,
955 3568 1011 3654 qui
1034 3568 1121 3634 simi-
