2630 3904
257 219 325 275 LIB.
344 219 366 274 I.
387 218 464 275 CAP.
482 225 526 276 44.
544 225 560 287 6
580 220 815 295 mamam.
834 223 868 278 ΙΙ.
887 223 1026 279 ARGUM
1102 226 1148 292 45

385 509 432 583 M.
461 509 622 581 runnu
649 509 897 584 nicanorus

250 683 346 781 Dll
379 684 689 783 NATURA
721 685 1030 787 DEORUM

505 871 555 926 AD
569 871 607 926 Μ.
621 871 777 928 BRUTUM

434 1020 575 1081 LIBER
598 1021 847 1084 SECUNDUS.

494 1303 788 1366 ARGUMENTUM.

201 1436 258 1492 Hic
271 1436 345 1493 liter
358 1435 440 1492 brevi
448 1437 603 1507 praemisso
613 1436 758 1508 prooemio
769 1437 895 1494 continet
903 1438 986 1494 Balbi
996 1440 1031 1495 de
1045 1442 1145 1497 natura

132 1509 249 1564 deorum
263 1506 485 1590 disputationem
498 1525 533 1563 ex
545 1508 820 1590 mentestoioorum,
839 1508 889 1633 &ui
902 1511 995 1565 totum
1007 1510 1101 1566 locum
1113 1513 1145 1568 in

131 1581 227 1704 sartos
246 1580 381 1649 quattuor
398 1578 571 1634 dividebant
603 1579 728 1634 anum
746 1596 821 1634 emm
859 1580 980 1636 coebant
992 1597 1053 1637 esse
1067 1582 1144 1653 deos,

151 1650 234 1705 einde
257 1650 355 1720 quales
379 1651 485 1716 essent,
508 1652 569 1704 tum
590 1650 726 1704 mundum
748 1649 784 1704 ab
807 1649 848 1705 eis
866 1649 1068 1720 administrari,
1091 1670 1141 1723 po-

131 1724 237 1776 stremo
256 1719 401 1775 consulere
421 1736 468 1775 eos
486 1720 569 1775 rebus
587 1720 725 1775 humanis.
757 1720 809 1774 His
827 1720 915 1790 igitur
928 1723 1061 1792 quattuor
1073 1725 1144 1778 tam-

131 1809 217 1861 quam
244 1789 386 1860 capitibus
412 1791 476 1846 tota
500 1790 582 1845 Balbi
606 1791 761 1862 disputatio
785 1791 951 1847 continetur.
993 1792 1031 1848 Et
1053 1794 1146 1864 prima

132 1862 248 1932 quidem
270 1878 336 1932 pars
359 1877 527 1930 quamquam
549 1879 584 1916 ne
608 1878 690 1932 egere
709 1861 822 1930 quidem
841 1862 968 1919 oratione
986 1863 1077 1919 videri
1094 1882 1144 1936 po-

132 1934 221 2000 terat,
238 1934 335 1987 tamen
352 1931 397 1985 his
416 1931 588 2002 argumentis
607 1933 792 1987 confirmatur,
829 1932 902 1988 Nam
919 1933 1049 2004 primum,
1068 1936 1144 2006 quod

131 2004 259 2060 omnium
277 2002 455 2058 consentiens
473 2002 513 2058 sit
529 2004 566 2058 de
584 2003 627 2057 dis
646 2003 752 2074 opinio,
770 2005 872 2058 natura
888 2005 1004 2060 evidens
1021 2021 1082 2062 esse
1094 2023 1143 2062 ne·

131 2091 210 2131 cesse
234 2090 309 2141 esse,
332 2073 435 2129 deiude
458 2073 525 2129 deos
547 2074 625 2143 ipsos
647 2074 807 2145 praesentia
825 2091 876 2129 sua
893 2077 923 2130 et
940 2076 1063 2131 adventu
1081 2094 1144 2133 eam

129 2163 191 2201 rem
219 2145 409 2211 confirmasse,
435 2143 642 2214 praedictiones
670 2145 739 2200 item
764 2147 795 2200 et
815 2146 1028 2216 praesensiones
1050 2164 1143 2203 rerum

130 2216 288 2271 triturarum
306 2230 367 2270 esse
386 2214 454 2270 deos
472 2215 601 2282 clamare,
620 2216 743 2271 omnium
761 2232 828 2270 vero
845 2216 965 2272 maxime
983 2218 1083 2272 miram
1100 2221 1143 2274 to

129 2288 189 2342 tius
220 2285 319 2340 mundi
350 2285 530 2352 varietatem,
561 2285 813 2357 pulchritudinem,
844 2287 971 2342 ordinem
996 2305 1144 2358 rerumque

131 2357 259 2414 omnium
276 2356 314 2411 ad
330 2356 483 2411 utilitatem
502 2356 745 2428 conspirationem.
779 2355 851 2421 Quin
870 2375 904 2413 ex
921 2358 985 2429 ipsa
997 2360 1143 2415 hominum

130 2429 261 2485 sollertia
277 2426 377 2508 colligi
394 2443 477 2497 posse
496 2443 557 2483 esse
574 2427 698 2497 aliquam
715 2429 838 2482 mentem
856 2428 988 2484 divinam.
1025 2429 1098 2485 Nam
1116 2431 1142 2485 si

130 2501 239 2566 cetera,
257 2514 329 2568 quae
346 2515 379 2553 1n
395 2514 512 2569 corpore
531 2498 600 2567 sint,
618 2498 732 2554 aliunde
751 2499 907 2566 sumantur,
926 2499 1004 2554 aliud
1022 2503 1139 2570 aterna,

130 2570 210 2626 aliud
228 2569 265 2624 ab
282 2585 388 2638 umore,
406 2568 484 2623 aliud
501 2569 538 2623 ab
555 2573 633 2637 atre,
650 2569 728 2624 aliud
746 2569 782 2624 ab
800 2568 874 2640 igni,
897 2570 1036 2626 rationem
1054 2571 1141 2626 etiam

129 2640 245 2696 aliunde
262 2640 366 2695 habere
383 2655 435 2695 nos
453 2655 567 2695 neeesse
585 2655 654 2708 esse,
673 2642 710 2710 et,
730 2657 793 2694 cnm
807 2642 900 2695 cetera
913 2643 1008 2697 omnia
1020 2642 1141 2697 mundus

129 2712 248 2778 habeat,
267 2710 343 2780 quod
360 2708 399 2769 sit
416 2710 540 2765 omnium
558 2710 710 2781 optimum,
728 2709 759 2765 id
776 2710 869 2781 ipsum
887 2728 936 2766 cur
953 2728 1011 2767 non
1028 2712 1140 2781 habeat,

129 2782 240 2838 nullam
257 2797 319 2837 esse
336 2780 482 2835 rationem.
515 2781 617 2836 Omnes
635 2798 719 2851 porro
733 2781 885 2837 concedere
898 2781 972 2836 nihil
984 2798 1042 2837 non
1055 2784 1140 2839 modo

130 2870 192 2908 esse
209 2852 315 2908 mundo
333 2851 442 2919 melius,
461 2852 512 2906 sed
527 2867 565 2907 ne
583 2852 704 2923 cogitari
722 2852 835 2922 quidem
847 2869 944 2923 posse3
963 2869 1057 2922 quare,
1077 2872 1141 2910 cum

129 2924 241 2979 ratione
262 2921 336 2977 nihil
358 2922 396 2978 sit
417 2922 531 2989 melius,
544 2937 606 2975 eam
617 2939 727 2993 quoque
745 2922 776 2978 in
792 2923 897 2977 mundo
915 2923 1008 2979 inesse
1024 2941 1141 2981 necesse

128 2993 267 3120 litet
286 2992 1141 3138 allatraretitillari-litoreae

128 3136 180 3191 His
206 3134 364 3191 rationibus
393 3133 569 3190 subiciuntur
592 3135 845 3191 demonstrationes
867 3135 1010 3208 physicae.
1047 3137 1143 3192 Prima

128 3205 212 3262 huius
229 3205 309 3262 modi
328 3208 384 3261 est:
403 3204 511 3273 Omnia,
530 3222 601 3275 quae
619 3207 731 3262 alantur
748 3207 779 3261 et
796 3209 933 3275 crescant,
952 3223 986 3262 ea
1004 3208 1141 3279 tempera·

128 3277 207 3333 tione
231 3275 333 3332 caloris
356 3275 423 3332 oriri
447 3278 478 3332 et
499 3275 608 3347 augeri,
637 3292 788 3345 omnesque
810 3279 904 3360 partes
926 3276 1025 3332 mundi
1048 3278 1142 3335 calore

127 3347 216 3403 fultas
241 3346 387 3416 sustineri,
415 3346 511 3417 itaque
533 3346 620 3401 etiam
641 3347 777 3401 mundum
799 3347 885 3403 simili
907 3348 1023 3419 parique
1041 3351 1143 3404 natura

128 3417 243 3474 senari
281 3418 351 3473 Esse
369 3417 457 3488 igitur
474 3417 611 3484 naturam,
630 3433 701 3486 quae
720 3433 832 3473 omnem
848 3418 984 3473 mundum
997 3419 1142 3474 contineat

128 3505 250 3560 eumque
268 3490 394 3556 tueatur,
414 3504 485 3558 quae
504 3487 636 3557 quoniam
653 3487 752 3541 mundi
769 3487 861 3558 princi
880 3490 959 3543 atum
978 3485 1021 3558 (sd
1040 3486 1141 3558 ἡγεμο·

126 3556 231 3631 srsts),
249 3561 283 3615 ut
299 3558 331 3614 in
347 3558 463 3615 homine
479 3575 566 3627 meus,
586 3558 714 3613 obtineat
731 3560 761 3612 et
774 3557 813 3611 sit
825 3507 995 3628 vsfoptimn
1008 3558 1139 3627 omnium,
