2652 3908
192 186 254 251 128
501 183 550 237 DE
569 183 720 239 NATURA
738 182 893 238 DEORUM

189 353 260 397 cum
286 351 478 416 cognovero.
519 327 590 404 Quo
613 329 647 392 in
670 349 788 414 genere
811 329 862 393 vel
887 327 1027 394 maximo
1049 332 1100 394 est
1122 328 1198 395 For·

189 424 270 484 tuna
300 417 511 501 numeranda,
542 439 639 503 quam
666 439 761 482 nemo
789 416 831 483 ab
854 417 1075 482 inconstantia
1098 421 1131 482 et
1153 422 1198 482 te-

191 510 340 573 meritato
372 508 534 592 seiunget,
565 527 647 590 quae
680 505 779 591 digna
810 508 897 571 certe
928 527 993 570 non
1026 509 1103 570 sunt
1130 505 1198 591 deo,

136 608 169 658 on
189 596 259 661 lam
286 616 363 661 vero
390 594 466 680 quid
489 615 548 659 ros
570 594 630 658 illa
653 593 793 659 delectat
816 593 990 678 explicatio
1012 594 1198 659 fabularum

188 688 222 749 et
240 684 391 750 enodatio
408 681 599 748 nominum?
631 680 806 747 Exsectum
827 704 846 747 a
864 682 931 747 filio
948 680 1090 765 Caelum,
1113 684 1198 749 vinc·
1224 702 1236 743 s

188 778 259 838 tum
291 772 405 837 itidem
437 792 457 836 a
487 770 556 835 lilio
587 767 776 854 Saturnum,
807 769 887 836 haec
915 774 948 835 et
975 770 1040 838 alia
1071 771 1198 857 generis

188 860 331 926 eiusdem
358 860 406 924 ita
428 857 613 942 defenditis,
641 862 679 923 ut
700 858 738 941 ii,
766 859 822 943 qui
843 859 909 922 ista
931 859 1106 941 finxerunt,
1133 881 1199 925 non

189 949 284 1014 modo
307 969 373 1012 non
391 947 506 1030 insani,
529 947 586 1011 sed
604 947 703 1011 etiam
721 946 823 1013 fuisse
843 947 1004 1031 sapientes
1019 947 1199 1012 videantur.

188 1036 227 1102 ln
250 1035 426 1101 enodandis
449 1039 558 1101 autem
581 1034 775 1119 nominihus,
799 1035 885 1119 quod
908 1034 1126 1100 miserandum
1145 1037 1198 1121 sit,

190 1124 357 1191 laboratis.
403 1121 575 1206 Saturnus,
603 1124 680 1208 quia
707 1145 742 1188 se
770 1127 899 1189 saturat
921 1123 1028 1208 annis,
1057 1122 1238 1208 Mavors,1o

189 1214 266 1298 quia
297 1235 351 1277 ma
398 1234 418 1277 a
450 1212 562 1296 vertit,
593 1211 752 1295 Minerva,
785 1212 861 1296 quia
893 1211 1010 1277 minuit
1037 1215 1095 1278 aut
1122 1213 1200 1297 quia

189 1302 341 1386 minatur,
390 1321 479 1384 enus,
497 1301 574 1386 quia
591 1299 680 1365 uenit
699 1299 876 1384 adomnia,
895 1297 992 1365 Ceres
1011 1322 1031 1366 a
1049 1302 1199 1386 gerendo.

189 1389 293 1465 Quam
316 1389 498 1475 periculosa
520 1387 732 1454 consuetudo!
768 1387 808 1452 In
826 1387 939 1455 multis
959 1387 1044 1453 enim
1063 1389 1199 1454 nomini-

190 1481 250 1544 bus
282 1478 469 1543 haerebitis.
518 1475 602 1553 Quid
633 1475 748 1551 Veiovi
781 1475 893 1560 facies,
926 1476 1002 1560 quid
1029 1476 1199 1543 Volcano?

189 1588 399 1659 quamquam,
427 1565 581 1650 quoniam
604 1564 792 1650 Neptunum
820 1587 840 1631 a
866 1564 973 1630 nando
997 1565 1199 1651 appellatum
1214 1584 1239 1626 rs

190 1660 297 1742 putas,
319 1655 446 1720 nullum
466 1654 529 1719 erit
545 1674 673 1737 nomen,
696 1653 782 1738 quod
799 1675 865 1719 non
884 1654 990 1739 possis
1009 1676 1074 1718 una
1088 1654 1199 1719 littera

190 1745 351 1830 explicare
379 1744 462 1808 unde
490 1742 620 1808 ductum
649 1742 706 1826 sit3
732 1743 766 1806 in
794 1763 858 1827 quo
881 1742 1010 1827 quidem
1034 1743 1140 1829 magis
1162 1746 1200 1807 tu

137 1845 171 1894 oa
191 1832 271 1899 mihi
298 1836 412 1897 natare
435 1830 524 1897 visus
547 1852 581 1895 es
605 1853 703 1914 quam
725 1831 795 1915 ipse
818 1829 999 1916 Neptunus.
1044 1830 1200 1916 Magnam

190 1920 374 1987 molestiam
388 1921 530 2005 suscepit
544 1923 577 1983 et
591 1919 723 1983 minime
737 1919 952 1984 necessariam
965 1917 1090 2004 primus
1104 1919 1199 2003 Zeno,

189 2014 266 2096 post
293 2007 481 2089 Cleanthes,
511 2007 625 2072 deinde
653 2006 871 2093 Chrysippus,
900 2008 1198 2073 commenticiarum
1213 2027 1239 2067 ao

189 2096 374 2164 fabularum
401 2096 533 2160 reddere
555 2095 729 2179 rationem,
757 2096 1003 2179 vocabulorum,
1030 2117 1087 2160 cur
1110 2095 1199 2179 quid-

190 2208 252 2271 que
274 2186 323 2250 ita
346 2185 547 2270 appellatum
570 2187 630 2269 sit,
657 2205 771 2249 causas
795 2185 964 2269 explicare.
1010 2181 1102 2259 Quod
1125 2205 1196 2248 cum

191 2274 309 2357 facitis,
332 2274 412 2339 illud
436 2272 582 2358 profecto
606 2271 813 2356 confitemini,
836 2274 934 2359 longa
957 2271 1054 2336 aliter
1076 2293 1198 2336 serem

190 2363 324 2445 habere,
351 2365 449 2446 atque
469 2361 640 2427 hominum
663 2360 773 2446 opinio
797 2361 854 2445 sit3
881 2382 936 2427 eos
960 2360 1059 2444 enim,
1087 2360 1143 2445 qui
1166 2357 1198 2423 di

191 2451 408 2536 appellantur,
430 2471 539 2515 rerum
561 2454 696 2514 naturas
720 2471 799 2532 esse,
822 2471 887 2514 non
910 2449 1032 2535 figuras
1056 2448 1198 2514 deorum.
1212 2467 1238 2507 rs

4 2572 6 2581 ¹
137 2545 181 2613 25
193 2538 256 2615 Qui
278 2542 391 2604 tantus
414 2559 504 2604 error
526 2537 598 2620 fuit,
621 2542 658 2602 ut
680 2538 869 2623 perniciosis
892 2538 992 2602 etiam
1014 2536 1111 2602 rebus
1133 2558 1201 2602 nou

189 2629 279 2694 modo
300 2649 418 2694 nomen
442 2627 574 2691 deorum
593 2626 799 2709 tribueretur,
823 2625 879 2692 sed
898 2626 997 2691 etiam
1016 2646 1109 2691 sacra
1127 2647 1200 2691 con·

191 2717 411 2783 stitueruntur.
456 2714 570 2780 Febris
598 2715 683 2779 enim
705 2714 819 2780 fanum
841 2715 876 2780 in
897 2714 1027 2780 Palatio
1051 2719 1085 2780 et
1108 2700 1199 2780 Orbo-

189 2827 249 2871 nae
279 2807 322 2870 ad
350 2803 462 2869 aedem
487 2802 608 2868 Larum
636 2807 671 2867 et
699 2825 790 2868 aram
818 2802 925 2868 Malae
952 2802 1115 2869 Fortunae
1137 2801 1200 2867 Es·

131 2907 172 2956 ,64
192 2894 299 2979 quiliis
332 2895 553 2959 consecratam
584 2891 739 2957 ridemus.
794 2891 907 2957 Omnis
937 2891 1039 2978 igitur
1070 2890 1147 2955 talis
1180 2907 1239 2953 aso

190 2980 399 3067 philosophia
421 2980 565 3065 pellatur
587 3002 691 3064 error,
718 2983 768 3063 ut,
791 3001 864 3045 cum
887 2979 926 3044 de
948 2980 998 3045 dis
1021 2976 1199 3044 inmortali·

190 3071 251 3137 hus
275 3069 484 3154 disputemus,
507 3067 652 3135 dicamus
670 3068 806 3155 indigna
823 3068 878 3153 iis3
900 3068 939 3133 de
958 3067 1075 3152 quibus
1093 3066 1198 3130 habeo

189 3159 260 3244 ipsa
289 3156 376 3243 quod
401 3157 555 3240 sentiam,
582 3178 649 3223 non
675 3157 780 3222 habeo
809 3160 918 3222 autem
946 3155 1032 3241 quod
1058 3154 1120 3219 tibi
1147 3153 1199 3219 ad·

191 3245 323 3310 sentiar.
372 3243 562 3330 Neptunum
592 3266 662 3310 esse
692 3245 771 3310 dicis
801 3246 945 3310 animum
974 3265 1047 3309 cum
1074 3242 1200 3307 intelle·

191 3333 304 3419 gentis
323 3353 382 3417 par
404 3355 494 3399 mare
516 3334 743 3419 pertinentem,
765 3333 850 3398 idem
874 3332 913 3397 de
936 3329 1060 3397 Cerere.
1096 3329 1199 3396 Istam
1214 3345 1240 3388 ³⁵

192 3424 300 3485 autem
322 3420 583 3508 intellegentiam
607 3426 664 3487 aut
686 3421 786 3486 maris
810 3423 868 3485 aut
890 3424 997 3485 terrae
1019 3439 1085 3484 non
1105 3417 1200 3484 modo

191 3508 462 3594 comprehendere
486 3510 608 3593 animo,
632 3509 688 3574 sed
710 3530 751 3574 ne
774 3506 957 3592 suspicione
982 3506 1110 3592 quidem
1129 3529 1200 3591 pos-
