<?xml version="1.0" encoding="UTF-8"?>
<!DOCTYPE html PUBLIC "-//W3C//DTD XHTML 1.0 Transitional//EN"
    "http://www.w3.org/TR/xhtml1/DTD/xhtml1-transitional.dtd">
<html xmlns="http://www.w3.org/1999/xhtml" xml:lang="en" lang="en">
 <head>
  <title>
</title>
<meta http-equiv="Content-Type" content="text/html;charset=utf-8" />
  <meta name='ocr-system' content='tesseract 3.04.00' />
  <meta name='ocr-capabilities' content='ocr_page ocr_carea ocr_par ocr_line ocrx_word'/>
</head>
<body>
  <div class='ocr_page' id='page_1' title='image "./mtulliiciceroni00salegoog_0386.png"; bbox 0 0 2654 3924; ppageno 0'>
   <div class='ocr_carea' id='block_1_1' title="bbox 407 231 1145 299">
    <p class='ocr_par' dir='ltr' id='par_1_1' title="bbox 407 231 1145 299">
     <span class='ocr_line' id='line_1_1' title="bbox 407 231 1145 299; baseline 0.009 -11"><span class='ocrx_word' id='word_1_1' title='bbox 407 233 476 289; x_wconf 80' lang='grc' dir='ltr'>ιιΒ</span> <span class='ocrx_word' id='word_1_2' title='bbox 494 233 870 299; x_wconf 73' lang='lat' dir='ltr'>111.cAP.-1-.4§1-r</span> <span class='ocrx_word' id='word_1_3' title='bbox 1077 231 1145 296; x_wconf 81' lang='lat'>333</span> 
     </span>
    </p>
   </div>
   <div class='ocr_carea' id='block_1_2' title="bbox 97 375 1183 3188">
    <p class='ocr_par' dir='ltr' id='par_1_2' title="bbox 97 375 1183 3188">
     <span class='ocr_line' id='line_1_2' title="bbox 135 375 1146 466; baseline -0.002 -23"><span class='ocrx_word' id='word_1_4' title='bbox 135 382 192 444; x_wconf 82' lang='lat' dir='ltr'>aut</span> <span class='ocrx_word' id='word_1_5' title='bbox 214 379 400 466; x_wconf 78' lang='lat' dir='ltr'>excogitare</span> <span class='ocrx_word' id='word_1_6' title='bbox 423 383 607 465; x_wconf 89' lang='lat' dir='ltr'>potuerunt.</span> <span class='ocrx_word' id='word_1_7' title='bbox 653 376 760 453; x_wconf 83' lang='lat' dir='ltr'>Quare</span> <span class='ocrx_word' id='word_1_8' title='bbox 782 377 850 442; x_wconf 88' lang='lat' dir='ltr'>sint</span> <span class='ocrx_word' id='word_1_9' title='bbox 872 377 967 442; x_wconf 83' lang='lat' dir='ltr'>nobis</span> <span class='ocrx_word' id='word_1_10' title='bbox 990 376 1060 460; x_wconf 83' lang='lat' dir='ltr'>isti,</span> <span class='ocrx_word' id='word_1_11' title='bbox 1091 375 1146 460; x_wconf 89' lang='lat' dir='ltr'>qui</span> 
     </span>
     <span class='ocr_line' id='line_1_3' title="bbox 135 465 1146 552; baseline -0.004 -20"><span class='ocrx_word' id='word_1_12' title='bbox 135 468 173 532; x_wconf 89' lang='lat' dir='ltr'>de</span> <span class='ocrx_word' id='word_1_13' title='bbox 197 468 324 532; x_wconf 88' lang='lat' dir='ltr'>ratione</span> <span class='ocrx_word' id='word_1_14' title='bbox 346 468 476 533; x_wconf 81' lang='lat' dir='ltr'>vivendi</span> <span class='ocrx_word' id='word_1_15' title='bbox 499 469 670 552; x_wconf 82' lang='lat' dir='ltr'>dissenmt,</span> <span class='ocrx_word' id='word_1_16' title='bbox 693 466 805 551; x_wconf 83' lang='lat' dir='ltr'>magni</span> <span class='ocrx_word' id='word_1_17' title='bbox 825 465 982 549; x_wconf 86' lang='lat' dir='ltr'>homines,</span> <span class='ocrx_word' id='word_1_18' title='bbox 1005 469 1042 530; x_wconf 91' lang='lat' dir='ltr'>ut</span> <span class='ocrx_word' id='word_1_19' title='bbox 1061 468 1146 547; x_wconf 80' lang='lat' dir='ltr'>sunt,</span> 
     </span>
     <span class='ocr_line' id='line_1_4' title="bbox 135 514 1146 641; baseline -0.002 -21"><span class='ocrx_word' id='word_1_20' title='bbox 135 556 202 620; x_wconf 88' lang='lat' dir='ltr'>sint</span> <span class='ocrx_word' id='word_1_21' title='bbox 229 556 360 641; x_wconf 86' lang='lat' dir='ltr'>eruditi,</span> <span class='ocrx_word' id='word_1_22' title='bbox 387 556 455 622; x_wconf 83' lang='lat' dir='ltr'>sint</span> <span class='ocrx_word' id='word_1_23' title='bbox 480 556 630 621; x_wconf 80' lang='lat' dir='ltr'>veritatis</span> <span class='ocrx_word' id='word_1_24' title='bbox 658 559 691 620; x_wconf 91' lang='lat' dir='ltr'>et</span> <span class='ocrx_word' id='word_1_25' title='bbox 722 555 835 621; x_wconf 85' lang='lat' dir='ltr'>virtut</span> <span class='ocrx_word' id='word_1_26' title='bbox 826 576 855 619; x_wconf 86' lang='lat' dir='ltr'>rs</span> <span class='ocrx_word' id='word_1_27' title='bbox 878 554 999 640; x_wconf 80' lang='lat' dir='ltr'>magist</span> <span class='ocrx_word' id='word_1_28' title='bbox 1000 555 1042 638; x_wconf 89' lang='lat' dir='ltr'>ri,</span> <span class='ocrx_word' id='word_1_29' title='bbox 1070 514 1146 618; x_wconf 82' lang='lat' dir='ltr'>duni</span> 
     </span>
     <span class='ocr_line' id='line_1_5' title="bbox 135 641 1146 729; baseline -0.004 -20"><span class='ocrx_word' id='word_1_30' title='bbox 135 645 231 710; x_wconf 93' lang='lat' dir='ltr'>modo</span> <span class='ocrx_word' id='word_1_31' title='bbox 255 644 299 709; x_wconf 86' lang='lat' dir='ltr'>sit</span> <span class='ocrx_word' id='word_1_32' title='bbox 321 645 402 711; x_wconf 87' lang='lat' dir='ltr'>haec</span> <span class='ocrx_word' id='word_1_33' title='bbox 427 645 594 729; x_wconf 82' lang='lat' dir='ltr'>quaedam,</span> <span class='ocrx_word' id='word_1_34' title='bbox 617 645 686 709; x_wconf 88' lang='lat' dir='ltr'>sive</span> <span class='ocrx_word' id='word_1_35' title='bbox 710 665 730 709; x_wconf 87' lang='lat' dir='ltr'>a</span> <span class='ocrx_word' id='word_1_36' title='bbox 752 643 831 708; x_wconf 86' lang='lat' dir='ltr'>viris</span> <span class='ocrx_word' id='word_1_37' title='bbox 854 642 889 708; x_wconf 93' lang='lat' dir='ltr'>in</span> <span class='ocrx_word' id='word_1_38' title='bbox 910 664 1019 708; x_wconf 89' lang='lat' dir='ltr'>rerum</span> <span class='ocrx_word' id='word_1_39' title='bbox 1041 641 1146 727; x_wconf 88' lang='lat' dir='ltr'>publi·</span> 
     </span>
     <span class='ocr_line' id='line_1_6' title="bbox 108 730 1146 799; baseline 0.002 -5"><span class='ocrx_word' id='word_1_40' title='bbox 108 752 248 798; x_wconf 78' lang='lat' dir='ltr'>rcarum</span> <span class='ocrx_word' id='word_1_41' title='bbox 274 735 435 799; x_wconf 80' lang='lat' dir='ltr'>varietate</span> <span class='ocrx_word' id='word_1_42' title='bbox 461 733 601 799; x_wconf 85' lang='lat' dir='ltr'>versatis</span> <span class='ocrx_word' id='word_1_43' title='bbox 627 734 762 798; x_wconf 83' lang='lat' dir='ltr'>inventa</span> <span class='ocrx_word' id='word_1_44' title='bbox 790 732 859 797; x_wconf 83' lang='lat' dir='ltr'>sive</span> <span class='ocrx_word' id='word_1_45' title='bbox 886 731 986 797; x_wconf 84' lang='lat' dir='ltr'>etiam</span> <span class='ocrx_word' id='word_1_46' title='bbox 1012 730 1048 796; x_wconf 91' lang='lat' dir='ltr'>in</span> <span class='ocrx_word' id='word_1_47' title='bbox 1070 730 1146 796; x_wconf 80' lang='lat' dir='ltr'>isto</span> 
     </span>
     <span class='ocr_line' id='line_1_7' title="bbox 136 815 1145 905; baseline 0.001 -21"><span class='ocrx_word' id='word_1_48' title='bbox 136 844 208 886; x_wconf 91' lang='lat' dir='ltr'>rum</span> <span class='ocrx_word' id='word_1_49' title='bbox 235 822 303 887; x_wconf 90' lang='lat' dir='ltr'>otio</span> <span class='ocrx_word' id='word_1_50' title='bbox 327 844 365 887; x_wconf 88' lang='grc' dir='ltr'>οο</span> <span class='ocrx_word' id='word_1_51' title='bbox 389 822 508 887; x_wconf 86' lang='lat' dir='ltr'>litteris</span> <span class='ocrx_word' id='word_1_52' title='bbox 530 826 673 887; x_wconf 85' lang='lat' dir='ltr'>tractata</span> <span class='ocrx_word' id='word_1_53' title='bbox 695 843 761 905; x_wconf 90' lang='lat' dir='ltr'>res,</span> <span class='ocrx_word' id='word_1_54' title='bbox 789 821 874 886; x_wconf 86' lang='lat' dir='ltr'>sicut</span> <span class='ocrx_word' id='word_1_55' title='bbox 896 823 959 902; x_wconf 83' lang='lat' dir='ltr'>est,</span> <span class='ocrx_word' id='word_1_56' title='bbox 988 818 1121 884; x_wconf 91' lang='lat' dir='ltr'>minime</span> <span class='ocrx_word' id='word_1_57' title='bbox 1141 815 1145 885; x_wconf 89' lang='lat' dir='ltr'>l</span> 
     </span>
     <span class='ocr_line' id='line_1_8' title="bbox 138 870 1146 1010; baseline -0.001 -36"><span class='ocrx_word' id='word_1_58' title='bbox 138 910 267 994; x_wconf 87' lang='lat' dir='ltr'>quidem</span> <span class='ocrx_word' id='word_1_59' title='bbox 289 932 350 975; x_wconf 89' lang='lat' dir='ltr'>con</span> <span class='ocrx_word' id='word_1_60' title='bbox 351 910 533 994; x_wconf 89' lang='lat' dir='ltr'>temnenda,</span> <span class='ocrx_word' id='word_1_61' title='bbox 555 933 592 974; x_wconf 86' lang='lat' dir='ltr'>ra</span> <span class='ocrx_word' id='word_1_62' title='bbox 593 910 640 974; x_wconf 91' lang='lat' dir='ltr'>tio</span> <span class='ocrx_word' id='word_1_63' title='bbox 593 872 769 975; x_wconf 80' lang='lat' dir='ltr'>tcivili&#39;s</span> <span class='ocrx_word' id='word_1_64' title='bbox 793 912 827 975; x_wconf 88' lang='lat' dir='ltr'>et</span> <span class='ocrx_word' id='word_1_65' title='bbox 845 870 1016 1010; x_wconf 78' lang='lat' dir='ltr'>disciplina</span> <span class='ocrx_word' id='word_1_66' title='bbox 1035 910 1077 990; x_wconf 85' lang='lat' dir='ltr'>[p.</span> <span class='ocrx_word' id='word_1_67' title='bbox 1095 889 1146 973; x_wconf 69' lang='lat'>208⁸</span> 
     </span>
     <span class='ocr_line' id='line_1_9' title="bbox 136 996 1147 1100; baseline -0.002 -36"><span class='ocrx_word' id='word_1_68' title='bbox 136 1000 343 1100; x_wconf 87' lang='lat' dir='ltr'>populorum,</span> <span class='ocrx_word' id='word_1_69' title='bbox 371 1021 453 1085; x_wconf 88' lang='lat' dir='ltr'>quae</span> <span class='ocrx_word' id='word_1_70' title='bbox 480 998 608 1083; x_wconf 86' lang='lat' dir='ltr'>perficit</span> <span class='ocrx_word' id='word_1_71' title='bbox 634 996 828 1063; x_wconf 90' lang='lat' dir='ltr'>inbonis</span> <span class='ocrx_word' id='word_1_72' title='bbox 818 998 972 1084; x_wconf 79' lang='lat' dir='ltr'>ingeniis,</span> <span class='ocrx_word' id='word_1_73' title='bbox 998 996 1033 1061; x_wconf 93' lang='lat' dir='ltr'>id</span> <span class='ocrx_word' id='word_1_74' title='bbox 1061 997 1147 1081; x_wconf 89' lang='lat' dir='ltr'>quod</span> 
     </span>
     <span class='ocr_line' id='line_1_10' title="bbox 136 1084 1148 1173; baseline -0.001 -22"><span class='ocrx_word' id='word_1_75' title='bbox 136 1086 203 1151; x_wconf 88' lang='lat' dir='ltr'>iam</span> <span class='ocrx_word' id='word_1_76' title='bbox 227 1108 384 1173; x_wconf 75' lang='lat' dir='ltr'>persaepe</span> <span class='ocrx_word' id='word_1_77' title='bbox 406 1086 556 1173; x_wconf 73' lang='lat' dir='ltr'>perfecit,</span> <span class='ocrx_word' id='word_1_78' title='bbox 582 1090 621 1151; x_wconf 91' lang='lat' dir='ltr'>ut</span> <span class='ocrx_word' id='word_1_79' title='bbox 642 1085 842 1151; x_wconf 86' lang='lat' dir='ltr'>incredibilis</span> <span class='ocrx_word' id='word_1_80' title='bbox 865 1086 1024 1170; x_wconf 88' lang='lat' dir='ltr'>quaedam</span> <span class='ocrx_word' id='word_1_81' title='bbox 1047 1089 1080 1150; x_wconf 90' lang='lat' dir='ltr'>et</span> <span class='ocrx_word' id='word_1_82' title='bbox 1103 1084 1148 1150; x_wconf 92' lang='lat' dir='ltr'>di·</span> 
     </span>
     <span class='ocr_line' id='line_1_11' title="bbox 97 1173 1183 1258; baseline 0.004 -22"><span class='ocrx_word' id='word_1_83' title='bbox 97 1196 124 1237; x_wconf 83' lang='lat' dir='ltr'>ro</span> <span class='ocrx_word' id='word_1_84' title='bbox 136 1175 213 1240; x_wconf 85' lang='lat' dir='ltr'>vina</span> <span class='ocrx_word' id='word_1_85' title='bbox 233 1174 339 1241; x_wconf 77' lang='lat' dir='ltr'>virtus</span> <span class='ocrx_word' id='word_1_86' title='bbox 362 1176 541 1241; x_wconf 85' lang='lat' dir='ltr'>exsisteret</span> <span class='ocrx_word' id='word_1_87' title='bbox 578 1173 701 1250; x_wconf 83' lang='lat' dir='ltr'>Quodsi</span> <span class='ocrx_word' id='word_1_88' title='bbox 723 1174 795 1258; x_wconf 83' lang='lat' dir='ltr'>quis</span> <span class='ocrx_word' id='word_1_89' title='bbox 815 1174 856 1238; x_wconf 85' lang='lat' dir='ltr'>ad</span> <span class='ocrx_word' id='word_1_90' title='bbox 874 1196 913 1239; x_wconf 89' lang='lat' dir='ltr'>ea</span> <span class='ocrx_word' id='word_1_91' title='bbox 930 1173 1183 1240; x_wconf 80' lang='lat' dir='ltr'>instrumentao</span> 
     </span>
     <span class='ocr_line' id='line_1_12' title="bbox 137 1262 1148 1349; baseline -0.001 -21"><span class='ocrx_word' id='word_1_92' title='bbox 137 1264 246 1348; x_wconf 85' lang='lat' dir='ltr'>animi,</span> <span class='ocrx_word' id='word_1_93' title='bbox 269 1286 352 1349; x_wconf 86' lang='lat' dir='ltr'>quae</span> <span class='ocrx_word' id='word_1_94' title='bbox 371 1268 493 1329; x_wconf 87' lang='lat' dir='ltr'>natura</span> <span class='ocrx_word' id='word_1_95' title='bbox 511 1284 656 1347; x_wconf 88' lang='lat' dir='ltr'>quaeque</span> <span class='ocrx_word' id='word_1_96' title='bbox 674 1262 850 1327; x_wconf 83' lang='lat' dir='ltr'>civilibus</span> <span class='ocrx_word' id='word_1_97' title='bbox 841 1267 909 1328; x_wconf 90' lang='lat' dir='ltr'>mst</span> <span class='ocrx_word' id='word_1_98' title='bbox 895 1263 1004 1328; x_wconf 90' lang='lat' dir='ltr'>titutis</span> <span class='ocrx_word' id='word_1_99' title='bbox 1022 1262 1148 1346; x_wconf 86' lang='lat' dir='ltr'>habuit,</span> 
     </span>
     <span class='ocr_line' id='line_1_13' title="bbox 137 1351 1148 1504; baseline -0.001 -87"><span class='ocrx_word' id='word_1_100' title='bbox 137 1352 374 1504; x_wconf 82' lang='lat' dir='ltr'>adiungendam</span> <span class='ocrx_word' id='word_1_101' title='bbox 392 1352 456 1417; x_wconf 90' lang='lat' dir='ltr'>sibi</span> <span class='ocrx_word' id='word_1_102' title='bbox 475 1353 575 1417; x_wconf 88' lang='lat' dir='ltr'>etiam</span> <span class='ocrx_word' id='word_1_103' title='bbox 594 1351 776 1418; x_wconf 76' lang='lat' dir='ltr'>doctrinam</span> <span class='ocrx_word' id='word_1_104' title='bbox 794 1355 828 1416; x_wconf 88' lang='lat' dir='ltr'>et</span> <span class='ocrx_word' id='word_1_105' title='bbox 841 1351 1024 1416; x_wconf 85' lang='lat' dir='ltr'>uberiorem</span> <span class='ocrx_word' id='word_1_106' title='bbox 1039 1373 1148 1416; x_wconf 89' lang='lat' dir='ltr'>rerum</span> 
     </span>
     <span class='ocr_line' id='line_1_14' title="bbox 137 1439 1148 1527; baseline -0.001 -21"><span class='ocrx_word' id='word_1_107' title='bbox 137 1462 198 1527; x_wconf 82' lang='lat' dir='ltr'>cog</span> <span class='ocrx_word' id='word_1_108' title='bbox 199 1442 231 1504; x_wconf 92' lang='lat' dir='ltr'>ni</span> <span class='ocrx_word' id='word_1_109' title='bbox 234 1441 357 1507; x_wconf 89' lang='lat' dir='ltr'>tionem</span> <span class='ocrx_word' id='word_1_110' title='bbox 374 1441 513 1527; x_wconf 85' lang='lat' dir='ltr'>putavit,</span> <span class='ocrx_word' id='word_1_111' title='bbox 535 1441 616 1505; x_wconf 90' lang='lat' dir='ltr'>utu</span> <span class='ocrx_word' id='word_1_112' title='bbox 633 1440 706 1525; x_wconf 85' lang='lat' dir='ltr'>ipsi,</span> <span class='ocrx_word' id='word_1_113' title='bbox 725 1440 782 1524; x_wconf 89' lang='lat' dir='ltr'>qui</span> <span class='ocrx_word' id='word_1_114' title='bbox 799 1439 835 1504; x_wconf 92' lang='lat' dir='ltr'>in</span> <span class='ocrx_word' id='word_1_115' title='bbox 852 1439 969 1504; x_wconf 86' lang='lat' dir='ltr'>horum</span> <span class='ocrx_word' id='word_1_116' title='bbox 988 1440 1148 1505; x_wconf 89' lang='lat' dir='ltr'>librorum</span> 
     </span>
     <span class='ocr_line' id='line_1_15' title="bbox 138 1526 1146 1614; baseline 0 -21"><span class='ocrx_word' id='word_1_117' title='bbox 138 1530 185 1594; x_wconf 86' lang='lat' dir='ltr'>dis</span> <span class='ocrx_word' id='word_1_118' title='bbox 187 1529 356 1614; x_wconf 84' lang='lat' dir='ltr'>putatione</span> <span class='ocrx_word' id='word_1_119' title='bbox 374 1533 554 1614; x_wconf 81' lang='lat' dir='ltr'>versantur,</span> <span class='ocrx_word' id='word_1_120' title='bbox 567 1550 663 1593; x_wconf 87' lang='lat' dir='ltr'>nemo</span> <span class='ocrx_word' id='word_1_121' title='bbox 678 1532 729 1593; x_wconf 86' lang='lat' dir='ltr'>est</span> <span class='ocrx_word' id='word_1_122' title='bbox 728 1528 831 1614; x_wconf 89' lang='lat' dir='ltr'>,quin</span> <span class='ocrx_word' id='word_1_123' title='bbox 845 1549 900 1593; x_wconf 88' lang='lat' dir='ltr'>eos</span> <span class='ocrx_word' id='word_1_124' title='bbox 916 1556 919 1601; x_wconf 80' lang='grc' dir='ltr'>ι</span> <span class='ocrx_word' id='word_1_125' title='bbox 916 1526 1024 1593; x_wconf 78' lang='lat' dir='ltr'>*ante-</span> <span class='ocrx_word' id='word_1_126' title='bbox 1043 1530 1084 1610; x_wconf 87' lang='lat' dir='ltr'>[p.</span> <span class='ocrx_word' id='word_1_127' title='bbox 1095 1545 1146 1594; x_wconf 73' lang='lat'>201</span> 
     </span>
     <span class='ocr_line' id='line_1_16' title="bbox 98 1617 1148 1702; baseline 0.004 -25"><span class='ocrx_word' id='word_1_128' title='bbox 98 1617 221 1683; x_wconf 76' lang='lat' dir='ltr'>nferre</span> <span class='ocrx_word' id='word_1_129' title='bbox 248 1619 399 1683; x_wconf 89' lang='lat' dir='ltr'>omnibus</span> <span class='ocrx_word' id='word_1_130' title='bbox 428 1619 551 1684; x_wconf 88' lang='lat' dir='ltr'>debeat</span> <span class='ocrx_word' id='word_1_131' title='bbox 597 1617 681 1694; x_wconf 78' lang='lat' dir='ltr'>Quid</span> <span class='ocrx_word' id='word_1_132' title='bbox 708 1617 794 1682; x_wconf 89' lang='lat' dir='ltr'>enim</span> <span class='ocrx_word' id='word_1_133' title='bbox 821 1620 933 1702; x_wconf 88' lang='lat' dir='ltr'>potest</span> <span class='ocrx_word' id='word_1_134' title='bbox 961 1638 1031 1682; x_wconf 83' lang='lat' dir='ltr'>esse</span> <span class='ocrx_word' id='word_1_135' title='bbox 1057 1639 1148 1702; x_wconf 82' lang='lat' dir='ltr'>prae</span> 
     </span>
     <span class='ocr_line' id='line_1_17' title="bbox 137 1704 1148 1792; baseline 0 -21"><span class='ocrx_word' id='word_1_136' title='bbox 137 1706 269 1790; x_wconf 87' lang='lat' dir='ltr'>clarius,</span> <span class='ocrx_word' id='word_1_137' title='bbox 297 1729 395 1791; x_wconf 87' lang='lat' dir='ltr'>quam</span> <span class='ocrx_word' id='word_1_138' title='bbox 423 1729 497 1772; x_wconf 90' lang='lat' dir='ltr'>cum</span> <span class='ocrx_word' id='word_1_139' title='bbox 523 1728 633 1772; x_wconf 89' lang='lat' dir='ltr'>rerum</span> <span class='ocrx_word' id='word_1_140' title='bbox 656 1728 850 1792; x_wconf 85' lang='lat' dir='ltr'>magnarum</span> <span class='ocrx_word' id='word_1_141' title='bbox 872 1704 1026 1771; x_wconf 84' lang='lat' dir='ltr'>tractatio</span> <span class='ocrx_word' id='word_1_142' title='bbox 1051 1711 1148 1790; x_wconf 88' lang='lat' dir='ltr'>atque</span> 
     </span>
     <span class='ocr_line' id='line_1_18' title="bbox 137 1795 1148 1881; baseline 0.001 -22"><span class='ocrx_word' id='word_1_143' title='bbox 137 1816 215 1860; x_wconf 85' lang='lat' dir='ltr'>usus</span> <span class='ocrx_word' id='word_1_144' title='bbox 245 1817 318 1860; x_wconf 91' lang='lat' dir='ltr'>cum</span> <span class='ocrx_word' id='word_1_145' title='bbox 347 1795 478 1860; x_wconf 83' lang='lat' dir='ltr'>illarum</span> <span class='ocrx_word' id='word_1_146' title='bbox 508 1795 628 1861; x_wconf 89' lang='lat' dir='ltr'>artium</span> <span class='ocrx_word' id='word_1_147' title='bbox 656 1795 772 1860; x_wconf 83' lang='lat' dir='ltr'>studiis</span> <span class='ocrx_word' id='word_1_148' title='bbox 800 1798 833 1861; x_wconf 92' lang='lat' dir='ltr'>et</span> <span class='ocrx_word' id='word_1_149' title='bbox 860 1795 1046 1881; x_wconf 82' lang='lat' dir='ltr'>cognitione</span> <span class='ocrx_word' id='word_1_150' title='bbox 1076 1816 1148 1860; x_wconf 91' lang='lat' dir='ltr'>con·</span> 
     </span>
     <span class='ocr_line' id='line_1_19' title="bbox 137 1881 1149 1969; baseline 0.001 -23"><span class='ocrx_word' id='word_1_151' title='bbox 137 1883 305 1969; x_wconf 80' lang='lat' dir='ltr'>iungitur?</span> <span class='ocrx_word' id='word_1_152' title='bbox 333 1888 390 1949; x_wconf 92' lang='lat' dir='ltr'>aut</span> <span class='ocrx_word' id='word_1_153' title='bbox 414 1885 491 1968; x_wconf 92' lang='lat' dir='ltr'>quid</span> <span class='ocrx_word' id='word_1_154' title='bbox 513 1883 548 1948; x_wconf 92' lang='lat' dir='ltr'>P.</span> <span class='ocrx_word' id='word_1_155' title='bbox 573 1881 735 1968; x_wconf 83' lang='lat' dir='ltr'>Scipione,</span> <span class='ocrx_word' id='word_1_156' title='bbox 763 1883 841 1967; x_wconf 90' lang='lat' dir='ltr'>quid</span> <span class='ocrx_word' id='word_1_157' title='bbox 864 1881 899 1948; x_wconf 83' lang='lat' dir='ltr'>C.</span> <span class='ocrx_word' id='word_1_158' title='bbox 922 1882 1047 1967; x_wconf 86' lang='lat' dir='ltr'>Laelio,</span> <span class='ocrx_word' id='word_1_159' title='bbox 1071 1883 1149 1967; x_wconf 92' lang='lat' dir='ltr'>quid</span> 
     </span>
     <span class='ocr_line' id='line_1_20' title="bbox 137 1970 1148 2059; baseline -0.001 -22"><span class='ocrx_word' id='word_1_160' title='bbox 137 1970 172 2037; x_wconf 88' lang='lat' dir='ltr'>L.</span> <span class='ocrx_word' id='word_1_161' title='bbox 182 1971 277 2037; x_wconf 91' lang='lat' dir='ltr'>Philo</span> <span class='ocrx_word' id='word_1_162' title='bbox 292 1972 468 2057; x_wconf 84' lang='lat' dir='ltr'>perfectius</span> <span class='ocrx_word' id='word_1_163' title='bbox 482 1972 621 2059; x_wconf 79' lang='lat' dir='ltr'>cogitari</span> <span class='ocrx_word' id='word_1_164' title='bbox 635 1972 767 2056; x_wconf 81' lang='lat' dir='ltr'>potest?</span> <span class='ocrx_word' id='word_1_165' title='bbox 783 1972 847 2057; x_wconf 92' lang='lat' dir='ltr'>qui,</span> <span class='ocrx_word' id='word_1_166' title='bbox 861 1993 901 2036; x_wconf 89' lang='lat' dir='ltr'>ne</span> <span class='ocrx_word' id='word_1_167' title='bbox 916 1971 992 2056; x_wconf 89' lang='lat' dir='ltr'>quid</span> <span class='ocrx_word' id='word_1_168' title='bbox 1006 1976 1148 2057; x_wconf 85' lang='lat' dir='ltr'>praeter·</span> 
     </span>
     <span class='ocr_line' id='line_1_21' title="bbox 99 2060 1148 2146; baseline 0.007 -28"><span class='ocrx_word' id='word_1_169' title='bbox 99 2079 124 2118; x_wconf 79' lang='grc' dir='ltr'>ιο</span> <span class='ocrx_word' id='word_1_170' title='bbox 138 2061 319 2145; x_wconf 88' lang='lat' dir='ltr'>mitterent,</span> <span class='ocrx_word' id='word_1_171' title='bbox 349 2061 436 2146; x_wconf 91' lang='lat' dir='ltr'>quod</span> <span class='ocrx_word' id='word_1_172' title='bbox 465 2060 507 2127; x_wconf 90' lang='lat' dir='ltr'>ad</span> <span class='ocrx_word' id='word_1_173' title='bbox 534 2083 695 2126; x_wconf 88' lang='lat' dir='ltr'>summam</span> <span class='ocrx_word' id='word_1_174' title='bbox 723 2060 850 2125; x_wconf 88' lang='lat' dir='ltr'>laudem</span> <span class='ocrx_word' id='word_1_175' title='bbox 878 2061 1043 2126; x_wconf 86' lang='lat' dir='ltr'>clarorum</span> <span class='ocrx_word' id='word_1_176' title='bbox 1065 2061 1148 2126; x_wconf 77' lang='lat' dir='ltr'>viro·</span> 
     </span>
     <span class='ocr_line' id='line_1_22' title="bbox 138 2148 1149 2234; baseline 0 -21"><span class='ocrx_word' id='word_1_177' title='bbox 138 2171 210 2214; x_wconf 90' lang='lat' dir='ltr'>rum</span> <span class='ocrx_word' id='word_1_178' title='bbox 238 2150 430 2234; x_wconf 88' lang='lat' dir='ltr'>pertineret,</span> <span class='ocrx_word' id='word_1_179' title='bbox 460 2149 502 2216; x_wconf 90' lang='lat' dir='ltr'>ad</span> <span class='ocrx_word' id='word_1_180' title='bbox 531 2149 745 2216; x_wconf 88' lang='lat' dir='ltr'>domesticum</span> <span class='ocrx_word' id='word_1_181' title='bbox 772 2148 996 2233; x_wconf 85' lang='lat' dir='ltr'>maiorumque</span> <span class='ocrx_word' id='word_1_182' title='bbox 1024 2169 1149 2213; x_wconf 87' lang='lat' dir='ltr'>morem</span> 
     </span>
     <span class='ocr_line' id='line_1_23' title="bbox 138 2234 1148 2320; baseline 0.001 -19"><span class='ocrx_word' id='word_1_183' title='bbox 138 2238 237 2302; x_wconf 87' lang='lat' dir='ltr'>etiam</span> <span class='ocrx_word' id='word_1_184' title='bbox 264 2238 348 2304; x_wconf 86' lang='lat' dir='ltr'>hanc</span> <span class='ocrx_word' id='word_1_185' title='bbox 376 2261 395 2305; x_wconf 88' lang='lat' dir='ltr'>a</span> <span class='ocrx_word' id='word_1_186' title='bbox 418 2235 552 2304; x_wconf 81' lang='lat' dir='ltr'>Socrate</span> <span class='ocrx_word' id='word_1_187' title='bbox 581 2238 798 2303; x_wconf 84' lang='lat' dir='ltr'>adventiciam</span> <span class='ocrx_word' id='word_1_188' title='bbox 821 2234 1010 2320; x_wconf 71' lang='lat' dir='ltr'>docltrinam</span> <span class='ocrx_word' id='word_1_189' title='bbox 1034 2238 1075 2317; x_wconf 87' lang='lat' dir='ltr'>[p.</span> <span class='ocrx_word' id='word_1_190' title='bbox 1096 2253 1148 2302; x_wconf 76' lang='lat'>202</span> 
     </span>
     <span class='ocr_line' id='line_1_24' title="bbox 137 2326 1183 2411; baseline 0 -21"><span class='ocrx_word' id='word_1_191' title='bbox 137 2326 364 2393; x_wconf 85' lang='lat' dir='ltr'>adhibuerunt.</span> <span class='ocrx_word' id='word_1_192' title='bbox 400 2326 506 2403; x_wconf 85' lang='lat' dir='ltr'>Quare</span> <span class='ocrx_word' id='word_1_193' title='bbox 530 2328 586 2411; x_wconf 91' lang='lat' dir='ltr'>qui</span> <span class='ocrx_word' id='word_1_194' title='bbox 608 2331 781 2410; x_wconf 90' lang='lat' dir='ltr'>utrumque</span> <span class='ocrx_word' id='word_1_195' title='bbox 800 2326 906 2391; x_wconf 85' lang='lat' dir='ltr'>voluit</span> <span class='ocrx_word' id='word_1_196' title='bbox 923 2329 957 2389; x_wconf 89' lang='lat' dir='ltr'>et</span> <span class='ocrx_word' id='word_1_197' title='bbox 974 2326 1092 2410; x_wconf 90' lang='lat' dir='ltr'>potuit,</span> <span class='ocrx_word' id='word_1_198' title='bbox 1115 2326 1148 2390; x_wconf 91' lang='lat' dir='ltr'>id</span> <span class='ocrx_word' id='word_1_199' title='bbox 1167 2342 1183 2390; x_wconf 77' lang='lat' dir='ltr'>a</span> 
     </span>
     <span class='ocr_line' id='line_1_25' title="bbox 138 2413 1148 2497; baseline 0.002 -19"><span class='ocrx_word' id='word_1_200' title='bbox 138 2418 188 2480; x_wconf 85' lang='lat' dir='ltr'>est</span> <span class='ocrx_word' id='word_1_201' title='bbox 215 2418 253 2479; x_wconf 92' lang='lat' dir='ltr'>ut</span> <span class='ocrx_word' id='word_1_202' title='bbox 279 2438 353 2481; x_wconf 92' lang='lat' dir='ltr'>cum</span> <span class='ocrx_word' id='word_1_203' title='bbox 381 2417 541 2481; x_wconf 89' lang='lat' dir='ltr'>maiorum</span> <span class='ocrx_word' id='word_1_204' title='bbox 568 2414 744 2497; x_wconf 87' lang='lat' dir='ltr'>institutis,</span> <span class='ocrx_word' id='word_1_205' title='bbox 771 2418 842 2479; x_wconf 89' lang='lat' dir='ltr'>tum</span> <span class='ocrx_word' id='word_1_206' title='bbox 869 2413 1018 2479; x_wconf 88' lang='lat' dir='ltr'>doctrina</span> <span class='ocrx_word' id='word_1_207' title='bbox 1044 2435 1079 2479; x_wconf 89' lang='lat' dir='ltr'>se</span> <span class='ocrx_word' id='word_1_208' title='bbox 1102 2415 1148 2480; x_wconf 90' lang='grc' dir='ltr'>ιιι·</span> 
     </span>
     <span class='ocr_line' id='line_1_26' title="bbox 98 2502 1148 2588; baseline 0.008 -27"><span class='ocrx_word' id='word_1_209' title='bbox 98 2506 292 2587; x_wconf 73' lang='lat' dir='ltr'>restrueret,</span> <span class='ocrx_word' id='word_1_210' title='bbox 325 2504 367 2569; x_wconf 86' lang='lat' dir='ltr'>ad</span> <span class='ocrx_word' id='word_1_211' title='bbox 399 2505 528 2570; x_wconf 83' lang='lat' dir='ltr'>laudem</span> <span class='ocrx_word' id='word_1_212' title='bbox 559 2503 645 2568; x_wconf 88' lang='lat' dir='ltr'>hunc</span> <span class='ocrx_word' id='word_1_213' title='bbox 676 2502 787 2567; x_wconf 86' lang='lat' dir='ltr'>omnia</span> <span class='ocrx_word' id='word_1_214' title='bbox 818 2506 1026 2568; x_wconf 87' lang='lat' dir='ltr'>consecutum</span> <span class='ocrx_word' id='word_1_215' title='bbox 1058 2508 1148 2588; x_wconf 91' lang='lat' dir='ltr'>puto.</span> 
     </span>
     <span class='ocr_line' id='line_1_27' title="bbox 138 2588 1148 2676; baseline 0.003 -22"><span class='ocrx_word' id='word_1_216' title='bbox 138 2588 197 2654; x_wconf 85' lang='lat' dir='ltr'>Sin</span> <span class='ocrx_word' id='word_1_217' title='bbox 223 2592 329 2656; x_wconf 85' lang='lat' dir='ltr'>altera</span> <span class='ocrx_word' id='word_1_218' title='bbox 356 2595 406 2657; x_wconf 85' lang='lat' dir='ltr'>est</span> <span class='ocrx_word' id='word_1_219' title='bbox 428 2596 505 2657; x_wconf 85' lang='lat' dir='ltr'>utra</span> <span class='ocrx_word' id='word_1_220' title='bbox 527 2592 581 2656; x_wconf 86' lang='lat' dir='ltr'>via</span> <span class='ocrx_word' id='word_1_221' title='bbox 602 2590 793 2676; x_wconf 88' lang='lat' dir='ltr'>prudentiae</span> <span class='ocrx_word' id='word_1_222' title='bbox 816 2590 1001 2676; x_wconf 84' lang='lat' dir='ltr'>deligenda,</span> <span class='ocrx_word' id='word_1_223' title='bbox 1029 2595 1148 2676; x_wconf 87' lang='lat' dir='ltr'>tamen,</span> 
     </span>
     <span class='ocr_line' id='line_1_28' title="bbox 138 2678 1148 2764; baseline 0.004 -22"><span class='ocrx_word' id='word_1_224' title='bbox 138 2678 268 2744; x_wconf 86' lang='lat' dir='ltr'>etiamsi</span> <span class='ocrx_word' id='word_1_225' title='bbox 290 2679 342 2744; x_wconf 89' lang='lat' dir='ltr'>cui</span> <span class='ocrx_word' id='word_1_226' title='bbox 359 2679 522 2745; x_wconf 86' lang='lat' dir='ltr'>videbitur</span> <span class='ocrx_word' id='word_1_227' title='bbox 539 2680 600 2744; x_wconf 87' lang='lat' dir='ltr'>illa</span> <span class='ocrx_word' id='word_1_228' title='bbox 615 2679 651 2743; x_wconf 90' lang='lat' dir='ltr'>in</span> <span class='ocrx_word' id='word_1_229' title='bbox 673 2678 806 2764; x_wconf 87' lang='lat' dir='ltr'>optimis</span> <span class='ocrx_word' id='word_1_230' title='bbox 830 2679 946 2744; x_wconf 78' lang='lat' dir='ltr'>studiis</span> <span class='ocrx_word' id='word_1_231' title='bbox 969 2682 1003 2744; x_wconf 94' lang='lat' dir='ltr'>et</span> <span class='ocrx_word' id='word_1_232' title='bbox 1022 2681 1148 2746; x_wconf 85' lang='lat' dir='ltr'>artibus</span> 
     </span>
     <span class='ocr_line' id='line_1_29' title="bbox 139 2766 1149 2851; baseline 0.003 -20"><span class='ocrx_word' id='word_1_233' title='bbox 139 2766 249 2851; x_wconf 88' lang='lat' dir='ltr'>quieta</span> <span class='ocrx_word' id='word_1_234' title='bbox 271 2767 358 2832; x_wconf 81' lang='lat' dir='ltr'>uitae</span> <span class='ocrx_word' id='word_1_235' title='bbox 381 2769 466 2834; x_wconf 83' lang='lat' dir='ltr'>ratio</span> <span class='ocrx_word' id='word_1_236' title='bbox 489 2768 626 2850; x_wconf 89' lang='lat' dir='ltr'>beatior,</span> <span class='ocrx_word' id='word_1_237' title='bbox 648 2768 728 2832; x_wconf 83' lang='lat' dir='ltr'>haec</span> <span class='ocrx_word' id='word_1_238' title='bbox 751 2767 856 2834; x_wconf 84' lang='lat' dir='ltr'>civilia</span> <span class='ocrx_word' id='word_1_239' title='bbox 879 2767 1075 2834; x_wconf 86' lang='lat' dir='ltr'>laudabilior</span> <span class='ocrx_word' id='word_1_240' title='bbox 1098 2773 1149 2834; x_wconf 88' lang='lat' dir='ltr'>est</span> 
     </span>
     <span class='ocr_line' id='line_1_30' title="bbox 139 2855 1148 2941; baseline 0.002 -21"><span class='ocrx_word' id='word_1_241' title='bbox 139 2858 225 2920; x_wconf 88' lang='lat' dir='ltr'>certe</span> <span class='ocrx_word' id='word_1_242' title='bbox 248 2859 281 2921; x_wconf 94' lang='lat' dir='ltr'>et</span> <span class='ocrx_word' id='word_1_243' title='bbox 303 2855 481 2941; x_wconf 89' lang='lat' dir='ltr'>inlustrior,</span> <span class='ocrx_word' id='word_1_244' title='bbox 504 2878 543 2921; x_wconf 86' lang='lat' dir='ltr'>ex</span> <span class='ocrx_word' id='word_1_245' title='bbox 561 2878 626 2941; x_wconf 88' lang='lat' dir='ltr'>qua</span> <span class='ocrx_word' id='word_1_246' title='bbox 648 2856 717 2920; x_wconf 85' lang='lat' dir='ltr'>vita</span> <span class='ocrx_word' id='word_1_247' title='bbox 740 2856 786 2921; x_wconf 84' lang='lat' dir='ltr'>sic</span> <span class='ocrx_word' id='word_1_248' title='bbox 809 2856 927 2922; x_wconf 83' lang='lat' dir='ltr'>summi</span> <span class='ocrx_word' id='word_1_249' title='bbox 950 2856 1013 2921; x_wconf 84' lang='lat' dir='ltr'>viri</span> <span class='ocrx_word' id='word_1_250' title='bbox 1034 2879 1148 2923; x_wconf 84' lang='lat' dir='ltr'>ornan·</span> 
     </span>
     <span class='ocr_line' id='line_1_31' title="bbox 99 2943 564 3028; baseline 0.004 -21"><span class='ocrx_word' id='word_1_251' title='bbox 99 2961 125 3001; x_wconf 77' lang='grc' dir='ltr'>ιι</span> <span class='ocrx_word' id='word_1_252' title='bbox 140 2950 202 3027; x_wconf 88' lang='lat' dir='ltr'>tur,</span> <span class='ocrx_word' id='word_1_253' title='bbox 224 2947 262 3010; x_wconf 93' lang='grc' dir='ltr'>ιιι</span> <span class='ocrx_word' id='word_1_254' title='bbox 285 2944 337 3009; x_wconf 89' lang='lat' dir='ltr'>vel</span> <span class='ocrx_word' id='word_1_255' title='bbox 360 2943 416 3010; x_wconf 90' lang='lat' dir='ltr'>M&#39;.</span> <span class='ocrx_word' id='word_1_256' title='bbox 439 2944 564 3028; x_wconf 80' lang='lat' dir='ltr'>Curius,</span> 
     </span>
     <span class='ocr_line' id='line_1_32' title="bbox 183 3032 1148 3119; baseline 0.002 -21"><span class='ocrx_word' id='word_1_257' title='bbox 183 3032 299 3108; x_wconf 81' lang='lat' dir='ltr'>Quem</span> <span class='ocrx_word' id='word_1_258' title='bbox 325 3055 434 3099; x_wconf 91' lang='lat' dir='ltr'>nemo</span> <span class='ocrx_word' id='word_1_259' title='bbox 462 3034 566 3098; x_wconf 88' lang='lat' dir='ltr'>ferro</span> <span class='ocrx_word' id='word_1_260' title='bbox 589 3035 719 3119; x_wconf 91' lang='lat' dir='ltr'>potuit</span> <span class='ocrx_word' id='word_1_261' title='bbox 743 3054 927 3117; x_wconf 86' lang='lat' dir='ltr'>superare</span> <span class='ocrx_word' id='word_1_262' title='bbox 950 3054 1018 3099; x_wconf 92' lang='lat' dir='ltr'>nec</span> <span class='ocrx_word' id='word_1_263' title='bbox 1042 3056 1148 3119; x_wconf 86' lang='lat' dir='ltr'>auro,</span> 
     </span>
     <span class='ocr_line' id='line_1_33' title="bbox 139 3123 273 3188; baseline -0.007 -2"><span class='ocrx_word' id='word_1_264' title='bbox 139 3123 205 3188; x_wconf 86' lang='lat' dir='ltr'>vel.</span> <span class='ocrx_word' id='word_1_265' title='bbox 222 3173 228 3187; x_wconf 92' lang='lat'>.</span> <span class='ocrx_word' id='word_1_266' title='bbox 244 3174 273 3187; x_wconf 89' lang='lat'>..</span> 
     </span>
    </p>
   </div>
   <div class='ocr_carea' id='block_1_3' title="bbox 338 3263 946 3347">
    <p class='ocr_par' dir='ltr' id='par_1_3' title="bbox 338 3263 946 3347">
     <span class='ocr_line' id='line_1_34' title="bbox 338 3263 946 3347; baseline 0 -17"><span class='ocrx_word' id='word_1_267' title='bbox 338 3263 535 3346; x_wconf 73' lang='lat' dir='ltr'>[Desiderari</span> <span class='ocrx_word' id='word_1_268' title='bbox 555 3266 696 3329; x_wconf 80' lang='lat' dir='ltr'>videntur</span> <span class='ocrx_word' id='word_1_269' title='bbox 713 3265 850 3347; x_wconf 72' lang='lat' dir='ltr'>popinae</span> <span class='ocrx_word' id='word_1_270' title='bbox 871 3265 946 3345; x_wconf 68' lang='lat' dir='ltr'>cea]</span> 
     </span>
    </p>
   </div>
   <div class='ocr_carea' id='block_1_4' title="bbox 211 3371 1186 3473">
    <p class='ocr_par' dir='ltr' id='par_1_4' title="bbox 211 3358 1315 3473">
     <span class='ocr_line' id='line_1_35' title="bbox 211 3371 1186 3473; baseline -0.005 -19"><span class='ocrx_word' id='word_1_271' title='bbox 211 3436 241 3454; x_wconf 87' lang='lat'>..</span> <span class='ocrx_word' id='word_1_272' title='bbox 278 3388 394 3454; x_wconf 87' lang='lat' dir='ltr'>.fuisse</span> <span class='ocrx_word' id='word_1_273' title='bbox 417 3388 621 3473; x_wconf 85' lang='lat' dir='ltr'>sapientiam,</span> <span class='ocrx_word' id='word_1_274' title='bbox 643 3392 754 3453; x_wconf 86' lang='lat' dir='ltr'>tamen</span> <span class='ocrx_word' id='word_1_275' title='bbox 776 3389 839 3455; x_wconf 89' lang='lat' dir='ltr'>hoc</span> <span class='ocrx_word' id='word_1_276' title='bbox 856 3388 891 3454; x_wconf 92' lang='lat' dir='ltr'>in</span> <span class='ocrx_word' id='word_1_277' title='bbox 908 3389 1035 3455; x_wconf 89' lang='lat' dir='ltr'>ratione</span> <span class='ocrx_word' id='word_1_278' title='bbox 1055 3391 1096 3471; x_wconf 89' lang='lat' dir='ltr'>[p.</span> <span class='ocrx_word' id='word_1_279' title='bbox 1112 3371 1186 3456; x_wconf 76' lang='lat'>2³4</span> 
     </span>
    </p>
   </div>
   <div class='ocr_carea' id='block_1_5' title="bbox 138 3447 1315 3563">
    <p class='ocr_par' dir='ltr' id='par_1_5' title="bbox 138 3447 1315 3563">
     <span class='ocr_line' id='line_1_36' title="bbox 138 3447 1315 3563; baseline 0.003 -23"><span class='ocrx_word' id='word_1_280' title='bbox 138 3474 305 3561; x_wconf 83' lang='lat' dir='ltr'>utriusque</span> <span class='ocrx_word' id='word_1_281' title='bbox 328 3477 456 3563; x_wconf 80' lang='lat' dir='ltr'>generis</span> <span class='ocrx_word' id='word_1_282' title='bbox 478 3475 637 3559; x_wconf 85' lang='lat' dir='ltr'>interfuit,</span> <span class='ocrx_word' id='word_1_283' title='bbox 660 3477 746 3560; x_wconf 91' lang='lat' dir='ltr'>quod</span> <span class='ocrx_word' id='word_1_284' title='bbox 767 3476 818 3542; x_wconf 91' lang='lat' dir='ltr'>illi</span> <span class='ocrx_word' id='word_1_285' title='bbox 841 3477 949 3542; x_wconf 86' lang='lat' dir='ltr'>verbis</span> <span class='ocrx_word' id='word_1_286' title='bbox 968 3481 1003 3544; x_wconf 88' lang='lat' dir='ltr'>et</span> <span class='ocrx_word' id='word_1_287' title='bbox 1020 3447 1181 3543; x_wconf 70' lang='grc' dir='ltr'>οιιιιιιιετ</span> <span class='ocrx_word' id='word_1_288' title='bbox 1314 3448 1315 3509; x_wconf 40' lang='lat' dir='ltr'>l</span> 
     </span>
    </p>
   </div>
   <div class='ocr_carea' id='block_1_6' title="bbox 60 3565 1146 3651">
    <p class='ocr_par' dir='ltr' id='par_1_6' title="bbox 60 3565 1146 3651">
     <span class='ocr_line' id='line_1_37' title="bbox 60 3565 1146 3651; baseline 0.01 -29"><span class='ocrx_word' id='word_1_289' title='bbox 60 3630 65 3641; x_wconf 89' lang='lat'>.</span> <span class='ocrx_word' id='word_1_290' title='bbox 97 3580 125 3623; x_wconf 84' lang='grc' dir='ltr'>ιι</span> <span class='ocrx_word' id='word_1_291' title='bbox 138 3565 288 3630; x_wconf 85' lang='lat' dir='ltr'>aluerunt</span> <span class='ocrx_word' id='word_1_292' title='bbox 309 3568 445 3631; x_wconf 84' lang='lat' dir='ltr'>naturae</span> <span class='ocrx_word' id='word_1_293' title='bbox 462 3565 631 3651; x_wconf 88' lang='lat' dir='ltr'>principia,</span> <span class='ocrx_word' id='word_1_294' title='bbox 654 3565 689 3630; x_wconf 93' lang='lat' dir='ltr'>hi</span> <span class='ocrx_word' id='word_1_295' title='bbox 708 3570 817 3630; x_wconf 85' lang='lat' dir='ltr'>autem</span> <span class='ocrx_word' id='word_1_296' title='bbox 835 3566 997 3632; x_wconf 83' lang='lat' dir='ltr'>institutis</span> <span class='ocrx_word' id='word_1_297' title='bbox 1017 3570 1049 3632; x_wconf 90' lang='lat' dir='ltr'>et</span> <span class='ocrx_word' id='word_1_298' title='bbox 1068 3568 1146 3650; x_wconf 81' lang='lat' dir='ltr'>legi·</span> 
     </span>
    </p>
   </div>
   <div class='ocr_carea' id='block_1_7' title="bbox 0 0 1336 3924">
    <p class='ocr_par' dir='ltr' id='par_1_7' title="bbox 0 0 1336 3924">
     <span class='ocr_line' id='line_1_38' title="bbox 0 0 1336 3924; baseline 0 0"><span class='ocrx_word' id='word_1_299' title='bbox 0 0 1336 3924; x_wconf 95' lang='lat' dir='ltr'> </span> 
     </span>
    </p>
   </div>
  </div>
 </body>
</html>
