2654 3912
161 206 227 270 422
499 256 502 260 .
561 205 610 260 DE
628 204 784 268 LEGIBUS

108 367 141 415 43
161 354 341 417 caruerunt.
385 350 421 432 Q.
443 349 602 436 Equidem
624 351 691 416 ista
714 346 865 436 agnosco,
886 350 999 436 frater,
1023 355 1056 417 et
1079 353 1177 417 meri-

160 442 212 505 tas
237 439 285 505 dis
309 440 435 526 gratias
458 461 536 526 ago;
566 439 623 505 sed
644 440 742 505 nimis
765 462 862 524 saepe
885 461 977 506 secus
1001 439 1174 525 aliquanto

159 527 306 594 videmus
330 529 474 595 evadere.
514 529 562 595 M.
585 526 662 597 Non
684 528 779 614 enim,
802 527 931 613 Quinte,
953 531 1041 597 recte
1064 529 1175 601 existi-

160 639 301 702 mamus,
323 639 405 702 quae
427 639 533 703 poena
556 616 667 683 divina
690 616 748 702 sit,
768 617 827 684 sed
849 616 1056 703 opinionibus
1079 617 1176 704 vulgi

159 706 306 792 rapimur
336 707 371 771 in
403 727 545 771 errorem
577 727 637 772 neo
668 727 747 771 uera
773 705 948 790 cernimus3
979 709 1087 779 morte
1114 710 1175 771 aut
1191 723 1221 772 ,ὁ

160 795 272 861 dolore
296 794 441 880 corporis
465 797 522 859 aut
544 794 635 860 luctu
658 793 759 860 animi
781 798 838 861 aut
861 794 1039 866 offensione
1061 794 1174 869 iudicii

159 883 328 953 homiuum
355 883 503 948 miserias
530 882 762 969 ponderamus3
788 905 872 968 quae
898 883 1006 949 fateor
1027 884 1175 954 humana

160 994 230 1037 esse
251 976 285 1037 et
302 972 416 1036 multis
434 971 529 1036 bonis
548 970 627 1036 uiris
646 972 809 1038 accidisse.
841 969 979 1041 Sceleris
998 975 1049 1037 est
1065 993 1174 1058 poena

159 1061 265 1127 tristis
294 1064 327 1125 et
349 1063 480 1145 praeter
502 1081 558 1125 eos
581 1065 729 1144 eventus,
757 1060 814 1145 qui
835 1064 1029 1146 sequuntur,
1054 1083 1113 1147 per
1136 1083 1173 1126 se

158 1150 232 1234 ipsa
254 1148 396 1214 maxima
419 1152 478 1214 est.
523 1148 673 1215 Vidimus
696 1171 761 1234 eos,
785 1149 840 1233 qui
861 1149 926 1214 nisi
949 1149 1095 1215 odissent
1116 1166 1218 1234 pa·1.0

160 1237 272 1321 triam,
293 1260 472 1322 numquam
493 1237 616 1303 inimici
638 1238 734 1304 nobis
757 1237 909 1321 fuissent,
933 1238 1077 1307 ardentis
1099 1242 1173 1304 tum

160 1326 351 1411 cupiditate,
374 1330 446 1392 tum
469 1330 571 1411 metu,
594 1330 665 1392 tum
688 1325 895 1410 conscientia,
919 1327 1074 1411 quidquid
1098 1348 1173 1414 age

159 1418 240 1499 rent,
262 1415 358 1480 modo
381 1415 538 1499 timentis,
559 1414 704 1481 vicissim
727 1415 965 1481 contemnentis
985 1415 1172 1502 religiones,

159 1504 278 1570 iudicia
303 1508 460 1590 perrupta
488 1504 529 1569 ab
556 1503 661 1569 isdem
688 1504 875 1589 corruptela
895 1504 1079 1589 hominum,
1105 1527 1172 1570 non

107 1609 140 1656 44
161 1594 302 1659 deorum.
352 1591 541 1678 Reprimam
577 1592 644 1659 iam
681 1595 714 1658 et
747 1614 814 1661 non
845 1593 998 1677 insequar
1030 1592 1171 1679 longius,
1186 1609 1215 1660 1⁵
1311 1642 1312 1649 κ

160 1704 261 1767 eoque
284 1681 402 1766 minus,
425 1704 489 1768 quo
511 1682 587 1767 plus
609 1704 788 1768 poenarum
810 1681 916 1752 habeo
937 1703 1036 1765 ,quam
1056 1682 1172 1767 petivi3

159 1775 289 1839 tautum
311 1793 431 1857 ponam
454 1771 555 1854 brevi,
579 1770 740 1855 duplicem
762 1791 902 1855 poenam
925 1792 999 1843 esse,
1019 1770 1172 1854 divinam,

160 1860 246 1944 quod
269 1864 396 1930 constet
419 1882 458 1925 ex
480 1859 633 1924 vexandis
655 1858 805 1924 vivorum
828 1858 945 1927 animis
968 1862 1003 1923 et
1023 1881 1062 1930 ea,
1082 1859 1172 1931 fama

159 1954 375 2031 mortuorum,
402 1952 440 2013 ut
467 1970 580 2014 eorum
606 1947 741 2016 exitium
769 1949 802 2012 et
824 1946 942 2013 iudicio
965 1946 1114 2015 vivorum
1138 1953 1172 2013 et
1197 1953 1200 1961 '

161 2039 279 2126 gaudio
303 2038 528 2122 conprobetur.
1019 2102 1044 2108 ,,
1186 2052 1213 2091 20

109 2100 150 2227 {gl
227 2126 311 2212 Agri
338 2129 447 2191 autem
474 2147 515 2190 ne
538 2128 778 2207 consecrentur,
805 2123 1094 2219 PQffirsus
1118 2126 1171 2197 ad·

160 2216 297 2299 sentior,
329 2214 397 2297 qui,
429 2214 458 2278 si
486 2213 582 2281 modo
609 2206 819 2298 interpiffi
843 2217 997 2298 potuero,
1023 2214 1076 2278 his
1102 2214 1170 2279 fere

160 2303 269 2371 verbis
297 2303 414 2367 utitur:
442 2301 576 2369 ‘Terra
602 2301 727 2388 igitur
754 2305 796 2366 ut
821 2301 931 2367 focus
955 2302 1171 2372 domicilio·
1245 2301 1249 2308 '

160 2416 242 2458 rum
278 2412 389 2456 saera
424 2390 579 2456 deorum
612 2390 779 2455 omniurn
806 2393 879 2474 est3
912 2391 1095 2476 quocirca
1124 2413 1170 2456 ne

161 2481 247 2568 quis
278 2481 419 2545 iterum
451 2479 550 2545 idem
580 2482 816 2545 consecrato.
868 2481 1013 2544 Aurum
1043 2483 1210 2544 autemut

161 2575 199 2637 et
223 2573 426 2656 argentum
449 2569 488 2634 in
510 2568 672 2635 urbibus
691 2571 729 2633 et
746 2568 935 2653 privatim
953 2571 991 2632 et
1009 2568 1049 2632 in
1065 2567 1169 2633 fanis

160 2659 357 2726 invidiosa
379 2679 440 2722 res
464 2661 532 2722 est.
578 2656 670 2723 Tum
693 2658 786 2722 ebur
809 2656 983 2722 exinani
1008 2677 1171 2742 corpore

161 2751 378 2818 extractum
399 2746 501 2812 haud
523 2745 624 2812 satis
647 2748 796 2812 castum
819 2745 957 2810 donum
976 2744 1054 2809 deo.
1090 2744 1170 2810 Iam

162 2860 225 2905 aes
249 2841 364 2922 atque
382 2835 528 2900 ferrum
546 2834 669 2900 duelli
686 2834 961 2917 instrumenta,
983 2855 1060 2899 non
1077 2834 1170 2899 iani.

160 2927 347 3014 Ligneum
370 2927 516 3006 vautem,
544 2922 644 3007 quod
670 2925 816 3008 quisque
844 2921 1029 3006 voluerit,
1056 2944 1130 2988 uno
1153 2938 1210 2987 eac

161 3017 270 3103 ligno
311 3013 439 3080 dicato
480 3013 652 3096 itemque
688 3011 884 3096 lapideum
919 3009 960 3076 in
996 3010 1171 3076 delubris

161 3102 441 3185 communibus,
473 3101 614 3166 textile
645 3121 691 3165 ne
720 3100 923 3186 operosius
954 3121 1067 3184 quam
1094 3123 1171 3166 mu·

161 3193 272 3258 lieris
311 3213 406 3276 opus
443 3193 688 3259 menstruum.
744 3187 861 3254 Color
897 3192 1025 3255 autem
1058 3189 1170 3254 albus

160 3281 367 3367 praecipue
390 3279 551 3344 decorus
571 3279 639 3343 deo
659 3281 717 3343 est
736 3300 846 3362 quom
864 3278 904 3342 in
922 3282 1065 3362 cetero,
1088 3282 1170 3343 tum

160 3370 322 3436 maxime
353 3368 393 3432 in
423 3366 570 3450 textili3
602 3367 729 3431 tincta
759 3386 849 3431 roro
881 3365 1013 3430 absint
1044 3366 1121 3431 nisi
1150 3384 1208 3430 aas

160 3457 317 3521 bellicis
348 3454 581 3540 insignibus.
626 3453 883 3520 Div-inissima
914 3457 1041 3518 autem
1073 3453 1171 3518 dona

161 3566 250 3609 aves
278 3550 315 3608 et
342 3543 489 3613 formae
517 3543 563 3607 ab
591 3564 664 3607 uno
691 3541 841 3626 pictore
864 3563 940 3606 uno
964 3541 1170 3605 absolutae
