2630 3904
408 189 476 249 LIB.
495 190 516 248 I.
536 189 613 248 CAP.
631 197 746 248 20—22.
765 198 781 258 ἓ
799 197 913 249 54-60,
1120 191 1165 257 23

152 337 298 400 mentem
321 335 431 401 venire
454 336 552 420 solet,
580 357 679 422 quare
701 358 815 404 verum
837 337 882 404 eit
904 332 1041 422 aliquid,
1068 358 1164 422 quem

153 445 260 509 quare·
282 423 417 507 falsum3
449 423 546 510 idque
576 447 649 491 cum
676 446 786 512 saepe,
814 429 899 510 tum,
926 442 1001 492 cum
1022 428 1056 492 te
1079 426 1167 492 audi·

152 534 233 597 rem,
255 512 355 599 paulo
374 516 450 578 anta
469 512 616 598 contigit.
652 513 763 600 Reges
780 536 842 600 me,
865 514 995 599 qualem
1012 517 1167 581 neonem

152 601 293 668 deorum
314 622 385 668 esse
407 601 536 687 ducam,
559 600 643 667 nihil
660 601 804 669 fortasse
821 604 1049 689 respondeam3
1071 625 1167 689 quae·

124 707 221 774 eras,
248 694 403 775 putemne
425 689 527 756 telem
550 710 634 776 esse,
656 691 763 776 qualis
785 691 883 758 modo
907 714 927 759 a
948 695 982 759 te
1005 692 1050 758 sit
1071 713 1167 778 expo·

152 778 234 861 sita,
256 777 341 844 nihil
364 778 469 844 dicam
492 778 574 845 mihi
596 779 699 845 videri
722 781 839 847 minus.
883 777 948 847 Sed
969 785 1045 848 ante
1068 803 1167 867 quam

152 867 328 953 adgrediar
350 867 392 934 ad
414 889 462 952 ea,
485 889 567 953 quae
590 890 611 933 a
632 872 666 934 te
689 869 858 955 disputata
875 872 961 953 eunt,
984 868 1025 935 de
1041 873 1075 935 te
1093 870 1166 955 ipso

153 956 261 1023 dicam
293 955 370 1041 quid
400 956 550 1023 sentiam
600 954 704 1043 Saepe
735 960 822 1024 enim
853 957 892 1024 de
923 957 1081 1024 familiari
1106 958 1166 1025 illo
1184 967 1219 1017 58

154 1049 213 1111 tuo
231 1043 345 1111 videor
364 1044 502 1130 audisse,
524 1067 598 1112 cum
614 1051 650 1112 tc
668 1046 792 1133 togatis
812 1048 966 1114 omnibus
979 1048 1050 1113 eine
1068 1046 1166 1113 dubio

117 1151 143 1190 1⁰
155 1132 335 1200 anteferret
357 1137 391 1199 et
414 1155 537 1219 pancos
559 1138 667 1201 tecum
684 1135 865 1222 Epicureos
887 1159 904 1203 e
922 1135 1060 1202 Graecia
1082 1158 1167 1203 com·

154 1226 300 1308 pararet,
328 1221 397 1306 sed,
424 1223 511 1307 quod
537 1223 580 1289 ab
608 1245 646 1290 eo
669 1226 703 1289 te
725 1224 860 1291 mirifice
882 1225 978 1312 diligi
999 1225 1167 1312 intellege

154 1312 247 1395 bam,
274 1310 461 1379 arbitrabar
482 1311 578 1379 illum
600 1316 735 1398 propter
757 1313 1012 1380 benivolentiam
1034 1314 1166 1380 uberius

153 1398 188 1465 id
216 1399 330 1466 dicere.
374 1398 448 1487 Ego
476 1405 599 1486 autem,
631 1401 694 1467 etsi
721 1423 834 1468 vereor
862 1402 995 1468 laudare
1017 1423 1167 1487 praesen·

153 1493 237 1574 tem,
263 1487 371 1555 iudico
398 1493 509 1555 tamen
536 1489 576 1556 de
602 1511 638 1555 ra
660 1491 799 1558 obscura
821 1495 920 1576 atque
943 1489 1069 1556 difficili
1091 1513 1112 1557 a
1133 1495 1167 1556 te

113 1593 140 1636 1⁵
154 1578 279 1645 dietum
306 1598 377 1643 esee
401 1578 551 1664 dilucide,
578 1600 682 1664 neque
705 1579 876 1645 sententiis
899 1580 1006 1647 solum
1028 1578 1167 1665 copiose,

154 1666 213 1733 sed
235 1666 345 1732 verbis
368 1667 469 1733 etiam
492 1667 648 1753 ornatius,
671 1689 769 1753 quam
792 1668 901 1734 solent
921 1666 1032 1733 vestri.
1069 1666 1167 1733 Zeno·
1185 1674 1220 1724 ⁶9

153 1776 245 1841 neni,
271 1776 369 1840 quem
394 1754 491 1822 Philo
518 1760 631 1822 noster
657 1756 876 1843 coryphaeum
903 1755 1069 1842 appellere
1090 1755 1168 1841 Epi·

154 1866 327 1912 cureorum
350 1844 491 1928 solebat,
513 1866 587 1911 oum
608 1844 750 1911 Athenis
771 1866 891 1930 essem,
913 1845 1085 1911 audiebam
1106 1846 1168 1910 fre·

154 1936 307 2020 quenter,
339 1937 373 1998 et
399 1933 531 2019 quidem
557 1934 629 2020 ipso
658 1937 789 2000 auctore
816 1933 968 2019 Philone,
994 1933 1104 2019 oredo,
1130 1937 1168 2001 ut

112 2039 140 2080 2⁰
154 2022 286 2089 facilius
308 2021 498 2105 iudicarem,
526 2043 625 2107 quem
646 2022 706 2088 illa
727 2023 809 2089 bene
831 2022 1071 2108 refellerentur,
1093 2044 1168 2089 cum

154 2134 177 2177 a
198 2109 345 2197 principe
366 2109 396 2176 Ε
420 2111 602 2177 icureorum
626 2111 831 2197 accepissem,
854 2134 951 2197 quem
974 2111 1016 2177 ed
1035 2112 1168 2178 modum

155 2199 349 2266 dicerentur.
411 2220 455 2265 on
471 2199 575 2285 igitur
592 2199 658 2284 ille,
676 2204 714 2265 ut
732 2200 888 2285 plerique,
907 2200 965 2266 sed
981 2200 1168 2285 istomodo,

153 2292 193 2355 ut
220 2292 271 2371 tu,
302 2287 466 2373 distincte,
497 2288 653 2375 graviter,
683 2293 806 2355 ornate.
850 2286 914 2355 Sed
940 2289 1028 2375 qnod
1051 2289 1167 2355 inille

156 2377 238 2443 mihi
264 2399 326 2443 usu
353 2398 450 2463 saepe
477 2376 579 2461 venit,
605 2376 691 2442 idem
718 2377 829 2462 modo,
856 2401 930 2446 cum
956 2381 991 2444 te
1013 2378 1167 2464 audirem,

111 2483 140 2524 2⁶
155 2466 339 2549 accidebat,
365 2470 403 2532 ut
425 2466 563 2532 moleste
585 2464 701 2532 ferrem
725 2470 856 2532 tantum
877 2466 1045 2554 ingenium
1067 2464 1168 2553 (bona

156 2555 253 2622 venia
279 2576 332 2621 me
353 2552 480 2641 audies)
502 2554 628 2620 intem
652 2555 753 2640 leves,
779 2577 821 2621 ne
843 2556 950 2621 dicam
971 2556 1006 2622 in
1028 2559 1098 2621 tam
1120 2555 1168 2622 in·

13 2720 17 2731 ι
155 2648 250 2730 eptas
274 2643 452 2710 sententies
474 2642 633 2709 incidisse.
669 2640 739 2710 Nec
762 2665 823 2730 ego
845 2666 932 2710 nunc
954 2644 1024 2730 ipse
1043 2643 1167 2729 aliquid
1186 2657 1221 2708 eo
1298 2698 1299 2715 ,

156 2732 304 2798 adferam
330 2732 456 2798 melius.
500 2729 548 2797 Ut
574 2730 661 2797 enim
688 2731 785 2798 modo
813 2732 893 2817 dixi,
921 2732 1073 2798 omnibus
1098 2731 1167 2798 fere
1297 2806 1298 2809 Ἴ

155 2821 191 2887 in
213 2821 321 2906 rebus,
345 2819 401 2887 sed
419 2820 558 2887 maxime
576 2820 612 2885 in
628 2820 782 2905 physicie,
805 2821 884 2906 quid
900 2842 967 2886 non
985 2820 1039 2905 sit,
1062 2819 1167 2904 citius,

110 2927 142 2969 no
157 2932 257 2995 quam
279 2909 357 2994 quid
374 2908 427 2993 sil,
450 2908 595 2975 dixerim.
626 2908 736 2996 Reges
754 2930 816 2993 me,
838 2909 916 2994 quid
934 2913 991 2975 aut
1009 2910 1104 2995 quale
1123 2910 1220 2977 aissa

157 2999 247 3084 deus,
269 3002 400 3065 auctore
422 3001 498 3063 utar
516 2994 688 3080 Simonide,
711 2998 751 3063 de
774 3019 838 3082 quo
861 3020 935 3064 eum
953 2998 1168 3083 quaesivisset
1296 3070 1297 3073 Ἴ

156 3086 220 3154 hoe
241 3086 327 3153 idem
350 3090 508 3171 tyrannus
525 3084 637 3170 Hiero,
660 3085 860 3152 deliberandi
882 3086 947 3152 sibi
963 3108 1064 3154 unum
1082 3086 1168 3154 diem
1296 3134 1297 3141 κ

156 3176 351 3262 postulavit3
374 3196 446 3241 cum
460 3173 546 3240 idem
560 3195 599 3240 ex
612 3196 651 3241 eo
664 3174 822 3260 postridie
837 3178 1014 3261 quaereret,
1032 3174 1167 3243 biduum
1296 3172 1297 3237 ἒ

157 3265 289 3351 petivit3
314 3285 388 3332 curn
415 3263 545 3349 saepius
571 3262 752 3350 duplicaret
773 3285 944 3330 numerum
966 3263 1091 3330 dierum
1113 3263 1167 3331 ad·

115 3370 143 3413 re
157 3354 343 3439 miramque
369 3351 470 3419 Hiero
497 3350 689 3437 requireret,
716 3374 774 3419 cur
799 3352 849 3419 ita
873 3352 1009 3438 feceret,
1041 3350 1166 3438 ‘Quia

157 3447 303 3529 quanto
331 3440 478 3508 diutine
506 3438 725 3508 considero’
760 3439 796 3506 in
819 3441 882 3526 uit,
915 3440 1043 3507 ‘tanto
1071 3441 1166 3507 mihi
1295 3488 1296 3491 ,

157 3553 219 3598 res
250 3529 406 3596 videtur
437 3528 666 3596 obscurior’.
715 3489 778 3594 ded
797 3463 993 3595 iimoniden
1025 3528 1167 3593 arbitror
