2654 3924
395 245 462 302 ure.
481 247 502 302 1.
530 245 605 302 oar.
625 252 738 302 ee-ea
763 251 910 311 eri-m
1093 244 1158 308 293

152 391 226 455 dem
248 394 335 455 certe
357 390 440 455 nihil
462 394 572 475 potest
595 411 665 455 esse
689 389 822 473 dulcius,
845 392 987 472 atquae,
1010 389 1039 452 si
1057 410 1160 473 aequa

151 500 219 543 non
245 481 309 562 est,
338 500 379 543 ne
408 478 544 543 libertas
571 478 700 563 quidem
728 482 786 543 est.
832 474 894 552 Qui
921 480 1030 541 autem
1058 498 1161 561 aequa

152 570 372 652 potestesse,
401 567 517 632 omitto
545 566 650 632 dicere
676 566 711 630 in
738 587 853 652 regno,
880 565 1000 629 ubine
1024 566 1161 630 obscura

154 655 284 739 quidem
307 658 358 720 est
380 659 437 720 aut
456 655 554 720 dubia
572 656 721 739 servitus,
745 655 801 720 sed
819 654 854 718 in
871 653 945 718 istis
963 653 1160 735 civitatibus,

128 744 188 808 sin
211 744 328 827 quibus
346 743 447 809 verbo
466 746 542 808 sunt
559 743 665 830 liberi
683 743 816 808 omnes?
838 741 949 807 ferunt
967 742 1053 807 enim
1072 744 1111 822 [p.
1127 757 1161 806 52

153 831 319 918 suffragia,
337 832 494 896 mendant
507 831 642 916 inperia,
660 832 883 918 magistratus,
902 830 1098 913 ambiuntur,
1112 850 1162 895 ro

154 925 282 1006 gantur,
305 921 361 985 sed
384 942 422 985 ea
446 919 533 1002 dant,
558 941 649 1004 quae,
673 920 802 984 etiamsi
822 919 939 1003 nolint,
962 918 1068 983 danda
1086 918 1162 1002 sint,

154 1013 187 1073 et
210 1030 292 1093 quae
314 1009 379 1094 ipsi
400 1030 467 1073 non
487 1008 619 1092 habent,
641 1008 725 1072 unde
749 1008 805 1072 alii
827 1011 958 1093 petuut3
980 1012 1057 1072 sunt
1075 1008 1162 1072 enim

154 1101 302 1182 expertes
330 1097 471 1182 imperii,
502 1097 631 1162 consilii
657 1096 792 1182 publici,
824 1095 933 1161 iudicii
964 1096 1161 1162 delectorum

115 1205 141 1245 ιο
153 1185 308 1269 iudicum,
337 1207 419 1269 quae
449 1184 649 1250 familiarum
681 1184 899 1250 vetustatibus
932 1188 990 1249 aut
1017 1186 1161 1270 pecuniis

153 1275 381 1359 ponderantur.
422 1272 462 1338 In
488 1274 591 1339 libero
620 1277 729 1338 autem
751 1272 888 1359 populo,
917 1276 955 1338 ut
977 1272 1097 1358 Rhodi,
1125 1277 1162 1338 ut

154 1361 303 1446 Athenis,
324 1383 419 1427 nemo
443 1365 494 1426 est
516 1362 644 1447 civium,
668 1362 738 1447 qui.
753 1413 760 1428 .
775 1412 805 1426 ..

402 1503 642 1584 [Desiderauurr
658 1505 917 1587 papiensem]
1172 1588 1216 1654 32

227 1675 324 1693 .....
325 1626 447 1711 populo
466 1626 584 1709 aliquis
602 1648 685 1692 unus
702 1628 852 1711 pluresve
872 1625 1038 1690 divitiores
1059 1626 1098 1705 [p.
1111 1640 1162 1690 rra
1181 1667 1216 1716 48

155 1714 438 1800 opulentioresque
461 1715 659 1798 extitissent,
682 1719 753 1780 tum
776 1737 815 1779 ex
838 1736 951 1779 eorum
972 1713 1106 1780 fastidio
1130 1717 1163 1779 et

115 1822 141 1863 u
155 1803 307 1889 superbie
334 1806 413 1867 nata
440 1824 510 1867 esse
538 1806 794 1869 commemorant
820 1802 1008 1868 cedentibus
1035 1803 1163 1888 ignavis

155 1896 189 1956 et
217 1891 379 1956 inbecillis
409 1893 443 1956 et
470 1892 682 1978 adrogantiae
712 1891 849 1957 divitum
872 1891 1164 1957 succumbentibus.

155 1977 190 2044 si
218 2001 295 2045 vero
324 1980 376 2045 ius
403 2001 498 2046 suum
525 1980 639 2065 populi
666 1984 812 2064 teneant,
840 1982 964 2067 negant
991 1980 1163 2064 quicquam

154 2090 225 2134 esse
247 2069 477 2154 praestantius,
501 2068 645 2153 liberius,
668 2069 805 2152 beatius,
829 2069 947 2154 quippe
967 2069 1023 2152 qui
1041 2067 1164 2132 domini

155 2158 222 2222 sint
244 2157 368 2244 legum,
391 2157 592 2241 iudiciorum,
615 2157 704 2240 belli,
727 2157 826 2241 pacis,
848 2156 1023 2240 foederum,
1046 2156 1163 2241 eapitis

115 2264 141 2305 so
154 2246 249 2311 unius
269 2246 431 2330 cuiusque,
449 2246 612 2331 pecuniae.
644 2245 738 2310 Hanc
756 2267 854 2310 unam
874 2244 879 2329 Ι
899 2246 960 2310 rite
975 2266 1043 2310 rem
1061 2247 1101 2326 [p.
1113 2260 1163 2309 176

154 2334 329 2420 publicam,
351 2334 385 2400 id
408 2338 459 2400 est
477 2356 546 2400 rem
563 2334 686 2420 populi,
709 2333 869 2419 appellari
886 2338 1012 2420 putant.
1048 2333 1164 2417 Itaque

155 2426 189 2487 et
211 2445 231 2488 a
253 2444 369 2509 regum
392 2427 426 2487 et
448 2445 468 2488 a
490 2427 622 2508 patrum
645 2422 866 2487 dominatione
889 2424 993 2487 solere
1016 2422 1051 2487 in
1068 2422 1164 2487 liber-

154 2514 257 2576 tatem
289 2534 358 2576 rem
387 2511 502 2597 populi
531 2511 701 2595 vindicari,
732 2531 799 2575 non
829 2532 867 2575 ex
894 2510 1006 2576 liberis
1033 2510 1163 2594 populis

155 2620 248 2684 reges
275 2599 397 2683 requiri
425 2603 482 2665 aut
504 2602 701 2684 potestatem
725 2602 823 2683 atque
846 2620 924 2685 opes
947 2599 1163 2683 optimatium.

116 2705 141 2746 as
154 2685 200 2750 Et
226 2709 303 2752 vero
327 2692 451 2773 negant
474 2692 624 2772 oportere
646 2687 798 2753 indomiti
820 2686 934 2772 populi
957 2686 1037 2751 vitio
1062 2707 1164 2772 genus
1182 2700 1216 2749 ea

154 2774 217 2841 hoe
248 2777 356 2840 totum
385 2776 482 2841 liberi
511 2775 625 2861 populi
654 2775 831 2861 repudiari,
863 2774 1012 2840 concordi
1041 2775 1163 2860 populo

156 2866 189 2928 et
211 2863 321 2928 omnia
342 2863 502 2929 referente
526 2864 567 2929 ad
588 2864 847 2930 incolumitatem
869 2867 902 2928 et
920 2863 961 2928 ad
978 2863 1164 2928 libertatem

156 2972 248 3017 suam
277 2951 360 3015 nihil
385 2954 390 3037 Ι
415 2973 485 3018 esse
507 2952 749 3037 inmutabilius,
776 2951 859 3017 nihil
886 2950 1025 3034 firmius3
1052 2953 1092 3032 [p.
1113 2967 1163 3016 ree

154 3040 345 3106 facillimam
373 3044 483 3106 autem
509 3041 545 3105 in
572 3062 611 3107 ea
637 3063 672 3106 re
699 3041 830 3127 publiea
858 3061 928 3105 esse
950 3039 1164 3123 concordiam,

117 3145 142 3186 u
155 3129 190 3192 in
218 3150 283 3214 qua
308 3128 394 3194 idem
417 3129 575 3195 conducat
598 3129 761 3214 omnibus3
788 3150 828 3194 ex
851 3127 1005 3193 utilitatis
1028 3126 1165 3192 varieta-

155 3218 257 3303 tibus,
280 3239 353 3283 cum
377 3217 451 3283 aliis
474 3216 564 3283 aliud
586 3217 747 3301 expediat,
774 3217 865 3282 nasci
888 3215 1078 3299 discordias3
1104 3216 1164 3281 ita-

156 3327 227 3389 que,
240 3328 313 3372 cum
331 3309 441 3392 patres
456 3326 564 3371 rerum
577 3305 769 3390 potirentur,
787 3327 965 3390 numquam
979 3304 1165 3370 constitisse

155 3394 299 3460 civitatis
323 3399 461 3478 statum3
488 3395 593 3458 multo
616 3393 682 3458 iam
704 3392 737 3458 id
759 3394 794 3458 in
816 3394 925 3480 regnis
949 3393 1064 3478 minus,
1087 3414 1164 3477 quc

154 3504 236 3567 rum,
259 3487 296 3548 ut
319 3484 367 3548 ait
388 3482 523 3565 Ennius,
546 3481 672 3546 ‘nulla
695 3483 814 3568 [regni]
839 3485 973 3548 sancta
995 3482 1164 3547 societas

116 3586 141 3627 ³⁵
154 3592 222 3637 nec
247 3570 348 3637 fides
375 3571 456 3638 est'
492 3569 599 3647 Quare
626 3592 699 3636 cum
727 3571 779 3636 lex
802 3570 847 3635 sit
869 3570 974 3636 civilis
998 3569 1165 3638 societatis
