2652 3920
184 203 251 268 220
535 204 584 259 DE
603 204 846 260 DIVINATIONE

228 346 324 414 Nam
342 352 435 434 quot
452 350 535 415 avis
555 354 685 416 taetro
700 353 890 416 mactatas
906 349 1020 415 dente
1033 348 1198 435 videtis,

229 435 303 503 Tot
319 458 389 502 nos
407 438 454 504 ad
466 437 621 503 Troiam
639 438 737 504 belli
755 438 1045 504 exanclabimus
1060 459 1198 523 annos3
1312 444 1313 447 ’

229 523 331 599 Quae
346 525 502 593 decumo
516 525 1197 613 cadetetpoenasatiahitAchivos’.

228 612 364 679 Edidit
394 615 489 682 haec
516 612 694 700 Calchas,
727 636 822 701 quae
853 615 930 681 inm
961 616 1112 680 matura
1141 615 1197 680 ri·
1312 652 1313 683 l

130 803 164 852 so
184 789 273 867 Quae
299 791 432 857 tandem
458 789 525 857 ista
551 790 725 878 auguratio
753 793 866 856 estex
888 702 1198 877 perseniliuiisanno
1223 813 1239 856 ε
1312 776 1313 799 ¹

183 900 257 945 rum
279 880 390 965 potius
413 901 511 965 quam
533 883 592 945 eut
613 901 784 945 mensuum
806 883 864 945 aut
882 879 1029 946 dierum?
1057 877 1123 945 Cur
1141 902 1197 945 au·
1312 922 1313 947 1

183 972 251 1033 tem
270 967 309 1034 de
326 967 523 1053 passerculis
540 967 759 1035 coniecturam
776 967 865 1054 facit,
882 967 918 1033 in
935 968 1053 1053 quibus
1066 969 1197 1034 nullum
1312 1000 1313 1011 κ

184 1060 255 1122 erat
282 1061 479 1141 monstrum,
508 1057 549 1122 de
576 1056 715 1122 dracone
742 1055 832 1142 silet,
861 1056 939 1141 qui,
958 1056 993 1122 id
1015 1056 1102 1141 quod
1123 1057 1198 1123 fieri
1312 1122 1313 1125 ,

183 1165 250 1210 non
271 1144 390 1230 potuit,
412 1145 560 1230 lapideus
583 1144 701 1211 dicitur
720 1143 849 1211 factus?
871 1148 1039 1231 postremo
1059 1144 1137 1229 quid
1155 1146 1197 1211 si·
1312 1206 1313 1213 ,

184 1232 261 1297 mile
290 1232 392 1299 habet
420 1255 534 1319 passer
562 1232 678 1304 annis?
714 1230 802 1299 Nam
830 1233 870 1299 de
899 1254 1006 1319 angue
1032 1233 1107 1317 illo,
1139 1235 1197 1319 qui
1211 1256 1239 1295 ro

184 1318 295 1386 Sullae
305 1321 458 1409 apparuit
470 1322 665 1407 immolanti,
678 1325 851 1407 utrumque
860 1321 1003 1408 memini,
1016 1325 1051 1388 et
1059 1319 1196 1407 Sullam,
1312 1366 1313 1373 κ

185 1431 258 1476 cum
280 1410 315 1475 in
338 1410 576 1496 expeditionem
598 1409 771 1476 educturus
790 1414 885 1496 esset,
907 1409 1139 1496 imm01avisse,
1162 1416 1197 1477 et
1312 1432 1313 1441 ¹

185 1519 325 1585 anguem
348 1500 389 1565 ab
409 1521 468 1564 ara
484 1498 642 1584 extitisse,
664 1520 765 1582 eoque
784 1498 835 1564 die
853 1520 923 1564 rem
939 1498 1107 1584 praeclare
1124 1521 1196 1565 esse

132 1592 313 1709 31gestam
335 1609 402 1653 non
423 1586 606 1673 haruspicis
629 1586 775 1672 consilio,
798 1586 854 1652 sed
876 1586 1092 1672 imperatoris.

184 1765 277 1850 bent3
305 1786 388 1848 quae
415 1787 488 1831 cum
509 1763 599 1831 iacta
621 1768 711 1849 sunt,
737 1767 809 1831 tum
831 1763 873 1829 od
895 1763 1115 1830 coniecturam
1138 1765 1195 1830 ali-

185 1874 250 1938 que
276 1853 547 1938 interpretatione
574 1855 781 1936 revocantur,
810 1855 850 1917 ut
876 1851 937 1917 illa
961 1852 1065 1919 tritici
1091 1874 1196 1939 grana

132 1724 166 1773 „3
251 1677 361 1761 Atque
387 1676 468 1743 haec
490 1681 694 1743 ostentorum
718 1696 837 1762 genera
860 1674 1011 1742 mirabile
1032 1675 1117 1741 nihil
1138 1676 1195 1742 ha·
1210 1695 1238 1738 15
1312 1690 1313 1695 ¹

184 1941 220 2006 in
241 1962 278 2007 os
301 1940 393 2027 pueri
414 1940 522 2006 Midae
545 1945 702 2027 congesta
723 1945 782 2006 aut
804 1962 895 2026 aper,
923 1962 1005 2026 quas
1028 1941 1140 2006 dixisti
1162 1944 1196 2006 in
1312 1962 1313 1965 ¹

184 2029 288 2095 labris
314 2028 463 2095 Platonis
494 2028 677 2095 consedisse
705 2029 810 2114 pueri,
839 2033 1002 2095 nontam
1029 2029 1195 2095 mirabilia

185 2118 253 2184 sint
279 2139 378 2202 quam
405 2116 551 2183 coniecta
576 2116 676 2200 belle3
703 2139 786 2203 quae
807 2121 919 2183 tamen
940 2117 994 2183 vel
1015 2117 1088 2205 ipsa
1109 2118 1196 2184 falsa
1209 2138 1238 2178 ee

185 2226 257 2272 esse
287 2206 341 2272 rel
369 2228 421 2289 ea,
452 2226 537 2290 quae
562 2204 729 2290 praedicta
756 2209 846 2291 sunt,
876 2204 1015 2271 fortuito
1041 2205 1193 2272 cecidisse

185 2297 369 2380 potuerunt.
414 2292 465 2359 De
491 2293 564 2378 ipso
586 2292 706 2360 Roscio
732 2297 844 2380 potest
864 2293 948 2359 illud
971 2293 1101 2378 quidem
1123 2317 1194 2361 esse
1312 2294 1313 2341 ἶ

184 2382 314 2466 falsum,
337 2386 375 2448 ut
397 2382 641 2469 circumligatus
664 2382 763 2448 fuerit
785 2383 894 2469 angui,
915 2381 973 2448 sed
995 2386 1032 2448 ut
1050 2383 1086 2447 in
1103 2384 1194 2449 cunis

184 2470 285 2536 fuerit
311 2470 441 2557 anguis,
468 2491 535 2536 non
561 2474 631 2536 tam
659 2474 710 2537 cst
732 2470 864 2555 mirum,
891 2471 926 2536 in
948 2468 1081 2538 Solonio
1103 2494 1194 2557 prae·
1312 2466 1313 2483 ¹

186 2558 310 2642 sertim,
331 2559 388 2624 ubi
411 2559 453 2625 ad
473 2558 583 2625 iocum
605 2580 728 2645 angues
750 2559 925 2624 nundinari
946 2558 1063 2625 solent
1108 2557 1193 2625 Nam
1208 2577 1237 2621 rs

186 2647 272 2735 quod
299 2648 487 2733 haruspices
514 2646 740 2733 responderint
761 2646 845 2712 nihil
867 2647 926 2714 illo
950 2647 1083 2733 clarius,
1110 2647 1193 2713 nihil
1312 2710 1313 2713 ,

185 2736 328 2803 nobilius
350 2737 434 2821 fore,
459 2735 560 2802 miror
583 2735 660 2802 deos
682 2736 885 2802 immortales
907 2734 1062 2802 histrioni
1082 2736 1193 2802 futuro
1312 2782 1313 2785 ,

134 2835 167 2886 os
186 2826 371 2893 claritatem
389 2823 579 2908 ostendisse,
600 2824 726 2890 nullam
745 2823 924 2890 ostendisse
942 2823 1107 2890 Africano.
1135 2827 1194 2890 Aa

186 2937 248 3000 que
267 2913 367 2980 etiam
384 2936 405 2980 e
421 2917 456 2980 te
473 2911 680 2979 Flaminiana
697 2916 828 2980 ostenta
845 2913 983 2979 collecta
996 2917 1086 2979 sunt:
1108 2912 1194 3000 quod
1312 2944 1313 2997 ,

185 3005 255 3089 ipse
278 3006 312 3068 et
334 3024 436 3086 equus
459 3001 528 3068 eius
550 3005 684 3087 repente
706 3000 896 3086 conciderit,
918 3023 984 3067 non
1002 3023 1080 3067 sane
1097 3000 1194 3067 mira-
1208 3019 1236 3062 ω
1312 3024 1313 3027 ¹

185 3091 252 3157 bile
282 3090 345 3157 hoc
378 3090 522 3175 quidem!
553 3090 640 3175 quod
666 3089 764 3156 evelli
789 3089 887 3176 primi
913 3088 1038 3156 hastati
1064 3091 1191 3178 signum
1312 3118 1313 3155 1

185 3201 252 3246 non
273 3179 431 3265 potuerit;
453 3178 567 3243 timide
587 3178 728 3245 fortasse
752 3177 888 3265 signifer
910 3178 1085 3264 evellebat,
1107 3179 1194 3264 quod

185 3267 323 3334 fidenter
352 3265 512 3332 infixerat.
557 3264 644 3333 Nam
670 3265 821 3351 Dionysii
847 3287 949 3354 equus
976 3266 1054 3351 quid
1081 3266 1195 3332 attulit

186 3353 425 3438 admirationis,
448 3356 535 3441 quod
557 3355 690 3421 emersit
710 3378 729 3423 e
751 3355 884 3422 flumine
907 3356 1056 3443 quodque
1078 3355 1195 3422 hahuit

186 3464 265 3529 apes
290 3441 326 3507 in
352 3441 451 3508 iuba?
491 3441 555 3509 Sed
582 3443 660 3528 quis
684 3444 776 3509 brevi
798 3448 945 3530 tempore
967 3465 1103 3530 regnare
1127 3465 1196 3519 coe·
1209 3460 1237 3504 ὅ

185 3532 245 3616 pit,
270 3530 356 3613 quod
379 3531 539 3599 acciderat
561 3546 649 3613 casu,
670 3531 738 3596 vim
759 3530 877 3596 habuit
900 3533 1030 3597 ostenti
1066 3535 1114 3599 At
1135 3532 1196 3598 La·
