2652 3908
172 208 213 274 76
479 208 528 264 DE
546 207 699 265 NATURA
716 209 871 266 DEORUM

169 351 393 420 vicissitudine
411 375 522 436 eorum
540 353 653 420 mundi
670 354 861 420 continuata
873 358 992 421 natura
1005 357 1065 421 est.
1092 352 1185 419 Nam

171 445 312 508 exterra
326 464 418 528 aqua,
437 464 477 509 ex
490 464 576 528 aqua
589 441 693 508 oritur
707 448 772 526 atr,
789 463 829 508 ex
842 447 916 509 aire
930 443 1051 527 aether,
1066 442 1186 508 deinde

170 533 350 597 retrorsum
371 530 516 597 vicissim
538 553 577 597 ex
595 531 726 598 aethere
745 537 810 616 air,
831 531 907 597 inde
926 553 1019 617 aqua,
1037 553 1077 596 ex
1095 553 1187 617 aqna

170 622 260 684 terra
286 618 408 685 infima.
454 617 507 686 Sic
528 619 656 685 naturis
677 619 744 703 his,
772 618 951 704 exquibus
974 619 1085 687 omnia
1107 641 1188 686 con-

171 711 271 792 stant,
293 728 405 774 sursus
424 708 567 794 deorsus,
585 708 672 774 ultro
691 707 774 774 citro
793 708 1050 774 commeantibus
1069 708 1188 773 mundi
1216 725 1232 769 s

117 807 151 858 85
170 795 315 881 partium
342 795 526 863 coniunctio
554 796 748 863 continetur.
792 794 881 873 Quae
903 800 962 862 aut
982 796 1188 881 sempiterna

171 884 216 951 sit
236 905 368 950 necesse
391 888 442 950 est
463 884 527 952 hcc
549 885 661 951 eodem
680 887 808 970 ornatu,
830 906 927 970 quem
944 883 1100 969 videmus,
1123 889 1188 950 aut

171 977 258 1040 certe
275 972 496 1058 perdiuturna,
513 994 707 1059 permanens
722 973 763 1040 ad
780 973 994 1059 longinquum
1013 976 1046 1063 et
1059 973 1188 1039 inmen-

172 1083 244 1127 sum
271 1083 374 1146 paene
401 1064 540 1147 tempus.
585 1060 728 1138 Quorum
755 1062 917 1127 utrumvis
939 1066 977 1127 nt
1000 1061 1053 1147 sit,
1076 1061 1186 1146 sequi·

171 1153 226 1215 tur
254 1153 373 1215 natura
401 1150 557 1216 mundum
587 1150 817 1216 administrari.
866 1148 955 1227 Quae
983 1150 1069 1216 enim
1099 1150 1185 1216 clas-
1202 1171 1233 1209 ιο

173 1237 257 1304 sium
274 1237 442 1324 navigatio
459 1243 517 1305 aut
530 1260 613 1324 quae
626 1238 799 1304 instructio
814 1239 973 1304 exercitus
988 1242 1053 1322 aut,
1067 1260 1185 1304 rursus

171 1330 209 1392 ut
227 1348 274 1413 ea,
297 1348 380 1412 quae
397 1330 516 1394 natura
534 1326 643 1412 efficit,
665 1326 879 1411 conferamus,
902 1348 983 1412 quae
997 1327 1186 1412 procreatio

171 1415 249 1481 vitis
271 1420 330 1482 aut
351 1415 488 1501 arboris,
511 1437 594 1501 quae
616 1436 714 1501 porro
738 1413 914 1482 animantis
931 1415 1038 1502 figura
1056 1415 1187 1482 confor-

172 1504 337 1590 matioque
354 1505 574 1570 membrorum
591 1508 719 1571 tantam
734 1507 870 1570 naturae
885 1503 1067 1569 sollertiam
1081 1503 1185 1590 signi·

170 1593 262 1677 ficat,
295 1596 451 1678 quantam
482 1592 552 1678 ipse
584 1591 744 1659 mundus?
788 1591 857 1657 hut
885 1592 988 1679 igitur
1013 1591 1098 1657 nihil
1121 1595 1231 1675 est,1s

172 1682 259 1766 quod
281 1680 441 1748 sentiente
463 1686 580 1747 natura
602 1685 745 1768 regatur,
768 1683 824 1746 aut
846 1681 1001 1746 mundum
1018 1680 1090 1767 regi
1109 1702 1183 1746 con·

119 1779 152 1831 86
171 1770 329 1836 fitendum
361 1773 420 1839 est.
463 1769 609 1854 Etenim,
642 1769 698 1854 qui
729 1769 872 1854 reliquas
903 1772 1038 1836 naturas
1068 1791 1183 1834 omnes
1233 1816 1237 1822 -

172 1857 1183 2013 ,ffimgffiffisparseio,mqpeffiaepsfflffl

171 2039 290 2101 natura
313 2033 399 2100 dicat
422 2034 576 2121 existere,
589 1968 713 2120 'ipsund‘
731 2038 839 2100 autem
861 1969 1041 2119 homindm,
1068 2034 1120 2101 cui
1143 2056 1184 2099 ea
1198 2053 1230 2094 ao

172 2123 323 2205 existant,
345 2143 412 2188 non
434 2127 583 2189 constare
605 2126 732 2206 natura,
754 2143 820 2189 non
837 2122 1010 2208 intellegat
1028 2145 1075 2207 ee,
1099 2143 1183 2207 quae

172 2210 317 2278 ecferant
344 2208 468 2295 aliquid
495 2233 534 2278 ex
560 2233 644 2296 sese,
671 2210 880 2297 perfectiores
902 2210 1023 2279 habere
1045 2215 1183 2276 naturas

89 2364 100 2385 ,
173 2322 272 2386 quam
296 2321 343 2384 ea,
366 2321 449 2385 quae
471 2321 510 2365 ex
532 2300 573 2366 iis
597 2299 788 2366 ecferantur.
825 2376 827 2381 ¹

120 2387 163 2453 34
240 2386 392 2454 Omnium
411 2392 519 2454 antem
538 2410 657 2472 rerum,
675 2410 757 2473 quae
770 2391 889 2454 natura
902 2388 1183 2474 administrantur,

172 2476 352 2543 seminator
384 2481 418 2544 et
450 2480 541 2543 sator
572 2480 606 2543 et
630 2497 761 2562 parens,
793 2480 830 2543 ut
856 2476 905 2543 ita
932 2476 1051 2562 dicam,
1083 2481 1181 2562 atque
1197 2494 1228 2539 ss

173 2564 326 2632 educator
348 2568 382 2630 et
405 2565 491 2631 altor
514 2568 564 2631 est
586 2565 723 2630 mundus
742 2566 914 2650 omniaque
933 2565 1017 2632 sicut
1034 2567 1183 2638 membra

173 2656 206 2720 et
232 2657 343 2741 partes
369 2675 445 2720 suas
467 2653 650 2720 nutricatur
672 2657 706 2719 et
729 2653 881 2720 continet.
927 2651 1049 2730 Quodsi
1071 2654 1183 2720 mundi

172 2747 283 2829 partes
307 2745 434 2813 ,natura
465 2740 747 2845 administrantur,
783 2763 913 2845 necesse
944 2745 995 2809 est
1025 2743 1183 2809 mundum

171 2830 1182 3005 tlltltttlhtfflttpsstt}lttttttttttt
1198 2937 1227 2985 a

43 3056 44 3060 η
171 3009 309 3093 naturis,
333 3028 416 3094 quae
439 3010 541 3092 erant,
564 3007 651 3093 quod
669 3007 754 3073 effici
772 3008 933 3094 optimum
950 3008 1067 3094 potuit,
1089 3008 1184 3076 effec-

119 3107 153 3158 87
171 3102 243 3164 tum
271 3099 330 3163 est.
374 3095 500 3162 Doceat
526 3117 604 3181 ergo
633 3095 750 3181 aliquis
777 3096 923 3181 potuisse
950 3096 1075 3162 melius.
1121 3094 1185 3163 Sed

171 3207 267 3251 nemo
299 3205 455 3270 umquam
483 3183 625 3268 docebit,
653 3187 687 3251 et
713 3184 743 3250 si
770 3185 844 3269 quis
870 3185 1032 3272 corrigere
1060 3185 1184 3271 aliquid

171 3274 275 3358 volet,
304 3277 362 3339 aut
389 3272 529 3340 deterius
556 3272 656 3339 faciet
683 3277 741 3338 aut
762 3272 808 3358 id,
839 3274 926 3359 quod
946 3272 1018 3340 fieri
1039 3295 1106 3341 non
1128 3297 1184 3360 po·

172 3362 286 3446 tuerit,
317 3360 521 3428 desiderabit
567 3360 689 3437 Quodsi
718 3383 829 3428 omnes
858 3361 971 3428 mundi
996 3367 1108 3449 partes
1136 3363 1184 3429 ita
1197 3377 1224 3423 se

172 3451 371 3517 constitutae
390 3453 475 3537 sunt,
496 3452 535 3516 ut
553 3448 719 3535 nequead
735 3470 831 3516 usum
848 3450 999 3516 meliores
1016 3451 1185 3538 potuerint

172 3559 243 3617 esse
266 3560 370 3625 neque
393 3538 436 3606 ad
458 3537 597 3624 speciem
619 3537 836 3623 pulchriores,
864 3537 1046 3624 rideamus,
1072 3543 1183 3604 utrum
