2652 3908
159 196 203 262 96
272 191 283 227 s
469 195 519 253 DE
537 195 690 252 NATURA
708 195 863 252 DEORUM

160 364 223 428 que
250 346 285 409 et
312 341 471 428 continet,
498 342 566 410 sive
592 342 675 408 illud
702 341 830 408 aridum
852 346 903 408 est
925 342 994 408 rire
1017 343 1177 429 umidum,
1311 352 1312 395 ἒ

161 432 247 517 quod
269 433 405 516 recepit,
427 435 465 496 ut
486 431 521 496 id
543 431 665 496 mutari
687 434 721 496 et
743 429 901 517 concoqui
924 432 1043 518 possit,
1072 453 1176 518 eaque
1311 454 1312 495 1

160 523 231 585 tum
254 519 462 605 astringItur,
483 523 554 585 tum
577 520 742 585 relaxatur
764 522 863 604 atque
886 541 990 605 omne,
1013 522 1100 606 quod
1124 541 1178 587 ao·
1311 524 1312 585 3

161 609 258 693 cepit,
291 610 380 694 cogit
407 610 441 673 et
467 607 649 691 confundit,
676 611 715 673 ut
739 607 837 674 facile
865 611 899 675 et
925 608 1048 694 calore,
1076 631 1178 695 quem
1311 622 1312 645 1

161 697 300 763 multum
330 696 445 779 habet,
476 699 510 762 et
536 696 670 762 terendo
698 695 770 763 cibo
798 699 832 763 et
857 701 1027 782 praeterea
1054 697 1179 784 spiritu
1205 714 1218 757 ι
1311 698 1312 781 ι

161 787 272 851 omnia
298 789 392 853 cocta
419 788 516 870 atque
543 784 691 851 confecta
713 785 749 850 in
769 785 931 871 reliquum
953 807 1071 872 corpus
1095 787 1178 853 divi·
1311 790 1312 821 ³

108 873 289 940 dbdantur.
333 872 373 938 In
395 872 605 959 pulmonibus
629 876 739 939 autem
761 873 848 940 inest
869 873 990 941 raritas
1014 875 1179 960 quaedam

161 966 196 1027 et
222 962 381 1028 adsimilis
410 962 556 1048 spongiis
584 961 756 1027 mollitudo
778 960 820 1027 ad
841 961 1057 1029 hauriendum
1081 963 1179 1050 spiri·
1311 982 1312 1015 ι

161 1055 245 1116 tum'
264 1050 448 1136 aptissima,
480 1050 536 1134 qui
567 1053 640 1115 tum
669 1072 704 1116 sc
733 1049 930 1116 contrahunt
959 1051 1178 1138 adspirantes,

161 1144 232 1205 turn
254 1139 289 1205 in
311 1139 474 1224 respiratu
497 1138 644 1223 dilatant,
666 1142 704 1204 ut
721 1139 910 1225 frequenter
927 1139 1063 1206 ducatur
1081 1140 1177 1207 cibus
1193 1157 1221 1200 ιο

110 1241 160 1290 ιιι
176 1227 341 1313 animalia,
369 1249 433 1312 quo
462 1227 602 1293 maxime
629 1228 762 1293 aluntur
785 1227 976 1295 animantes.
1020 1228 1071 1294 Ex
1093 1229 1177 1296 inte
1311 1228 1312 1233 ’

163 1315 256 1382 stinie
284 1320 394 1382 autem
426 1319 570 1382 secretus
602 1337 622 1381 a
652 1316 779 1401 reliquo
811 1316 883 1381 cibo
911 1338 1006 1385 sucus
1033 1317 1077 1402 is,
1109 1316 1177 1402 quo

163 1405 292 1488 alimur,
319 1408 492 1491 permanat
518 1404 595 1470 ad
585 1426 674 1471 reour
695 1426 755 1507 per
776 1405 933 1508 quasdam
955 1427 977 1472 a
997 1369 1137 1472 medio
1126 1428 1177 1472 m·
1311 1478 1312 1491 ,

163 1494 283 1560 testino
306 1515 408 1580 usque
431 1493 472 1559 ad
493 1493 640 1579 portas
630 1493 745 1559 recoris
769 1491 830 1580 (ιιι
848 1493 934 1560 enim
952 1493 1177 1598 appellantur)
1311 1498 1312 1511 ¹

163 1582 239 1648 duct
224 1586 277 1647 tas
299 1586 333 1648 et
355 1583 500 1648 derectas
523 1582 603 1667 rias,
626 1603 709 1668 quae
730 1582 896 1667 pertinent
914 1581 983 1647 ad
973 1605 1062 1650 iecur
1079 1584 1176 1669 eique
1191 1598 1220 1641 1⁵

163 1671 348 1737 adhaerent
398 1672 507 1757 Atque
539 1670 613 1736 inde
645 1670 729 1736 aliae
759 1671 823 1736 ulio
854 1670 1055 1756 pertinentes
1087 1676 1176 1755 sunt,
1311 1680 1312 1683 ’

162 1782 221 1846 per
249 1782 329 1844 quas
357 1759 444 1827 cadit
471 1760 562 1825 cibus
592 1758 739 1825 aieoore
762 1757 918 1862 dilapsus
962 1760 1076 1827 Abeo
1099 1723 1176 1827 cibo,

163 1870 237 1914 cum
260 1870 295 1914 es
297 1852 453 1914 tseorete
471 1848 594 1914 bilis
567 1869 661 1934 eique
678 1869 818 1933 umores,
841 1848 897 1933 qui
915 1869 932 1913 e
950 1849 1081 1915 renibus
1100 1871 1177 1938 pro·

162 1935 303 2002 fundunt
288 1940 342 2002 tur
342 1936 487 2021 ,reliqua
496 1936 575 2002 sein
585 1936 778 2023 sanguinem
787 1940 919 2002 vertunt
928 1937 970 2003 ad
980 1938 1176 2024 easdemque

162 2026 309 2111 portas
299 2024 414 2091 1ecoris
437 2026 612 2110 confluunt,
634 2025 677 2090 ad
695 2047 775 2128 quas
795 2046 907 2092 omnes
925 2026 994 2092 eius
1012 2027 1085 2092 riae
1102 2045 1220 2113 per-ao
1311 2086 1312 2111 ι

162 2114 284 2199 tinent3
306 2136 366 2199 per
388 2136 468 2200 quas
491 2115 602 2199 lapsus
625 2114 744 2180 cibus
734 2136 770 2179 ιιι
787 2113 877 2180 hoc
867 2135 940 2200 ipso
958 2115 1058 2182 loco
1048 2138 1084 2180 ιιι
1101 2137 1176 2182 eam
1311 2134 1312 2175 ι

163 2223 288 2288 venam,
312 2224 394 2288 quae
417 2224 497 2268 cava
519 2202 712 2288 appellatur,
734 2202 944 2268 confunditur
960 2226 1082 2290 perque
1099 2226 1176 2270 eam
1311 2234 1312 2271 ς

164 2290 206 2357 ad
234 2312 290 2357 cor
320 2291 485 2356 confectus
511 2290 578 2356 iam
605 2294 778 2374 coctusque
805 2291 999 2377 perlabitur,
1031 2315 1051 2359 a
1077 2292 1175 2360 corde
1311 2320 1312 2327 ι

164 2383 274 2447 autem
300 2379 336 2444 in
364 2383 471 2445 totum
494 2400 611 2466 corpus
635 2378 840 2444 distribuitur
860 2400 920 2464 per
941 2402 1041 2446 renas
1064 2381 1175 2447 admo·

165 2469 249 2534 dum
277 2468 398 2534 multas
434 2468 469 2534 in
500 2486 613 2535 omnes
643 2471 756 2553 partes
787 2467 933 2553 corporis
963 2469 1175 2553 pertinentes.
1189 2488 1218 2529 ιιι

114 2568 162 2619 138
178 2556 280 2632 Quem
313 2557 354 2621 ad
386 2556 518 2623 modum
549 2559 659 2622 autem
690 2556 846 2640 reliquiae
878 2555 942 2621 cibi
969 2556 1176 2642 depellantur

164 2650 235 2712 tum
270 2645 528 2732 astringentibus
560 2667 595 2711 se
626 2644 804 2727 intestinis,
840 2648 911 2709 tum
941 2644 1176 2732 relaxantibus,

164 2734 251 2801 haud
280 2756 358 2800 eone
387 2733 519 2801 difficile
540 2733 642 2808 dictu
663 2736 727 2817 est,
756 2732 813 2798 sed
834 2737 945 2798 tamen
967 2738 1175 2819 praetereun-

165 2822 242 2888 dum
271 2828 334 2908 est,
363 2846 404 2890 ne
432 2823 509 2908 quid
535 2822 657 2887 habeat
684 2820 928 2887 iniucunditatis
952 2822 1066 2892 orat.io
1111 2822 1176 2889 Illa

164 2911 275 2997 potius
307 2912 483 3063 explicetur
513 2909 712 2976 incredibilis
743 2908 870 2975 fabrica
899 2914 1050 2977 naturae·
1085 2910 1175 2977 Nam
1188 2930 1218 2971 ιο

166 3021 248 3086 quae
277 2999 395 3085 spiritu
420 3000 456 3064 in
483 3000 651 3102 pulmones
679 2998 789 3064 anima
811 2998 951 3084 ducitur,
979 3021 1018 3065 ea
1040 3001 1174 3066 calescit

164 3090 306 3176 primum
329 3087 401 3173 ipso
420 3087 462 3153 ab
481 3087 606 3173 spirit,
576 3111 597 3152 u
561 3087 743 3153 tdeiude
761 3087 954 3173 contagione
971 3089 1174 3173 pulmonum,

166 3201 205 3243 ex
236 3198 338 3263 eaque
369 3196 446 3263 pars
477 3176 621 3241 redditur
652 3175 856 3262 respirando,
887 3197 964 3262 pars
995 3176 1175 3263 concipitur
1311 3208 1312 3255 ι

165 3266 271 3333 cordis
294 3268 388 3351 parte
411 3264 559 3349 quadarn,
582 3287 677 3350 quem
699 3265 916 3330 uentriculum
938 3264 1044 3330 cordis
1066 3267 1175 3364 appel·
1311 3306 1312 3313 ι

165 3357 244 3439 lent,
266 3352 319 3419 cui
341 3352 457 3418 similis
480 3353 565 3418 alter
588 3353 758 3419 adiunctus
782 3352 873 3436 est,
862 3375 898 3419 nr
921 3376 1018 3440 quem
1040 3355 1172 3441 sanguis
1187 3369 1213 3413 ιι
1311 3410 1312 3435 ,

165 3465 186 3510 a
207 3441 312 3509 iecore
335 3464 394 3526 per
416 3463 532 3508 venam
553 3441 645 3506 illam
663 3463 775 3507 cavam
794 3441 910 3507 influit
946 3441 1059 3528 quue
1078 3444 1175 3510 modo

166 3552 205 3595 ex
226 3529 279 3595 his
301 3534 378 3614 part
363 3530 451 3596 tibus
475 3534 509 3596 et
531 3529 662 3611 sanguis
684 3551 744 3612 per
764 3551 864 3595 venas
886 3530 920 3595 in
944 3551 1039 3596 omne
1057 3554 1173 3615 corpus
