2652 3908
186 161 230 224 80
511 157 561 211 DE
578 157 732 213 NATURA
749 157 906 213 DEORUM

183 307 275 369 nata
297 303 423 390 signis
446 306 562 388 atque
584 302 754 390 picturis
777 302 1054 388 instructaque
1079 303 1197 368 rebus

183 392 232 457 iis
269 392 459 476 omnibus,
495 390 634 476 quibus
671 391 869 456 abundant
905 391 947 476 ii,
984 390 1049 476 qui
1085 390 1197 456 beati
1309 392 1310 457 ἶ

183 483 383 566 putantur,
412 501 480 547 nec
510 484 639 547 tamen
669 479 844 545 exissent
872 502 1050 565 umquam
1073 501 1197 565 supra
1309 474 1310 555 i

183 573 340 653 terram,
371 568 614 654 accepissent
642 572 768 633 autem
796 567 899 634 fama
926 572 964 633 et
992 569 1196 634 auditione
1309 570 1310 595 ³

183 678 266 722 esse
299 657 487 742 quoddam
514 678 651 722 numen
683 660 722 722 et
752 656 828 722 vim
856 656 1024 741 deorum,
1056 656 1228 723 deindes
1309 648 1310 723 t

183 746 315 831 aliquo
343 748 516 831 tempore
542 744 757 830 patefactis
784 748 914 811 terrae
940 745 1120 812 faucibus
1150 767 1197 810 ex
1309 752 1310 771 ¹

182 834 268 900 illis
286 833 434 899 abditis
452 833 609 899 sedibus
628 833 789 899 evadere
807 832 846 898 in
863 833 956 900 haec
975 834 1073 920 loca,
1097 855 1196 919 quae
1309 832 1310 881 i

182 943 251 989 nos
274 922 494 1005 incolimus,
517 925 632 1007 atque
651 922 756 988 exire
774 922 1012 1007 potuissent:
1035 945 1117 989 eum
1134 944 1197 987 re·
1309 916 1310 961 ἶ

182 1013 298 1096 pente
330 1013 473 1076 terram
505 1014 543 1075 et
575 1010 696 1076 maria
727 1009 952 1095 caelumque
984 1011 1192 1089 vidissent,
1309 1022 1310 1057 t

181 1099 340 1165 nubium
375 1098 682 1185 magnitudinem
713 1102 992 1183 uentorumque
1023 1099 1196 1165 vim-co·
1214 1120 1246 1161 ιο
1309 1114 1310 1119 ’

183 1187 413 1272 gnovissent
436 1187 760 1273 aspexissentque
783 1187 905 1253 solem
928 1188 1086 1272 eiusque
1109 1209 1196 1254 cum
1309 1220 1310 1295 p

182 1276 490 1362 magnitudinem
517 1275 943 1363 pulchritudinemque,
970 1280 1050 1341 tum
1073 1276 1196 1342 etiam
1309 1320 1310 1359 3

183 1363 443 1430 efficientiam
470 1365 762 1451 cognovissent,
795 1365 894 1450 quod
921 1365 954 1429 is
981 1364 1083 1430 diem
1103 1363 1195 1431 effi·
1309 1396 1310 1469 p

1309 1506 1310 1541 t

182 1457 288 1520 ceret
316 1456 401 1520 toto
428 1452 536 1520 caelo
566 1452 649 1519 luce
673 1453 832 1538 diffusa3
860 1474 942 1519 cum
965 1456 1091 1519 autem
1115 1456 1195 1518 ter·

181 1563 244 1607 ras
275 1563 349 1608 nox
378 1545 596 1627 opacasset,
629 1545 708 1607 tum
735 1541 883 1607 caelum
910 1545 1035 1607 totum
1062 1563 1195 1608 cerne·
1212 1561 1244 1604 is
1309 1552 1310 1619 t

181 1634 268 1696 rent
305 1630 425 1696 astris
462 1629 691 1696 distinctum
723 1633 761 1696 ct
793 1634 969 1696 ornatum
1001 1631 1194 1714 lunaeque
1309 1626 1310 1641 ¹

181 1718 369 1784 luminum
397 1718 633 1784 varietatem
663 1723 742 1784 tum
770 1719 995 1804 crescentis,
1027 1722 1106 1784 tum
1134 1739 1195 1785 se·
1309 1786 1310 1799 ,

180 1808 380 1874 nescentis
407 1828 613 1892 eorumque
640 1808 807 1874 omnium
835 1811 943 1873 ortus
971 1811 1009 1874 et
1032 1828 1194 1874 occasus
1228 1847 1230 1853 ν
1309 1814 1310 1897 t

182 1899 298 1981 atque
327 1895 367 1960 in
394 1895 498 1961 omni
526 1896 764 1962 aeternitate
791 1899 898 1962 ratos
920 1896 1194 1963 inmutabiles·
1309 1904 1310 1917 ¹

181 2005 251 2069 que
288 2004 437 2067 cursus3
473 2005 568 2068 qnae
602 2006 684 2050 oum
715 1983 906 2071 viderent,
941 1984 1119 2071 profecto
1153 1988 1242 2050 etro
1309 1990 1310 2027 ³

182 2093 264 2138 esse
289 2071 378 2137 deos
401 2071 556 2139 ethaeo
578 2076 690 2139 tanta
712 2094 828 2159 opera
851 2073 1006 2140 deorum
1029 2095 1113 2139 esse
1132 2094 1194 2139 ar·

105 2131 450 2260 -g’gbitrarentnn'
495 2159 605 2245 Atque
627 2161 707 2228 haec
729 2161 858 2246 quidem
881 2161 946 2227 ille.
987 2161 1057 2228 Nos
1080 2166 1193 2228 autem

180 2249 332 2314 tenebras
351 2248 532 2335 cogitemus
550 2254 670 2334 tantas,
689 2254 830 2334 quantae
844 2251 1007 2335 quondam
1021 2251 1193 2336 eruptione
1309 2324 1310 2327 Ἴ

180 2337 400 2403 Aetnaeorum
436 2336 561 2425 ignium
594 2338 752 2404 finitimas
784 2339 933 2425 regiones
965 2339 1192 2405 obscuravisse
1309 2348 1310 2417 ξ

181 2425 342 2510 dicuntur,
368 2429 405 2491 ut
427 2448 486 2511 per
507 2426 641 2492 biduum
663 2448 759 2494 nemo
781 2426 946 2493 hominem
969 2427 1067 2494 homo
1090 2449 1192 2516 agno-
1207 2446 1239 2489 ss
1309 2452 1310 2485 i

180 2518 296 2598 sceret,
325 2536 399 2581 cnm
429 2518 539 2580 antem
565 2515 664 2581 tertio
692 2515 743 2581 die
771 2516 821 2581 sol
844 2515 1029 2603 inluxisset,
1057 2519 1129 2583 tum
1152 2521 1192 2582 ut
1259 2536 1263 2543 ·
1309 2538 1310 2557 ³

86 2676 107 2693 Α
179 2602 335 2669 reuixisse
358 2602 422 2668 sibi
439 2603 627 2669 viderentur
672 2603 794 2680 Quodsi
810 2603 873 2671 hoc
890 2604 976 2671 idem
995 2627 1034 2670 ex
1049 2606 1191 2672 aeternis
1309 2596 1310 2617 ¹

80 2752 84 2761 .
179 2691 323 2758 tenebris
336 2691 551 2778 contingeret,
563 2696 601 2757 ut
615 2713 630 2756 s
654 2693 724 2760 bito
738 2692 844 2759 lucem
854 2693 1080 2780 aspiceremus,
1094 2717 1192 2779 quae-

84 2774 101 2859 ‘2
178 2801 255 2845 nam
273 2780 396 2866 species
415 2780 497 2846 caeli
514 2779 700 2847 videretur?
732 2778 795 2848 Sed
813 2781 1007 2848 adsiduitate
1026 2783 1192 2850 cotidiana
1309 2796 1310 2813 ¹

86 2888 90 2899 ’
179 2872 213 2935 et
234 2867 465 2935 consuetudine
488 2868 656 2935 oculorum
679 2868 873 2936 adsuescunt
895 2870 995 2936 animi
1012 2893 1117 2957 neque
1136 2874 1192 2938 ad·
1205 2889 1236 2932 so

117 2972 118 2977 ’
178 2957 340 3023 mirantur
360 2978 465 3041 neque
488 2956 658 3042 requinmt
675 2958 818 3024 rationes
837 2979 948 3024 earum
966 2981 1084 3046 rerum,
1108 2982 1191 3046 quas
1309 3018 1310 3021 ,

46 3042 68 3109 ‘fi
179 3066 307 3132 semper
328 3044 449 3129 rident,
470 3045 606 3132 proinde
629 3046 723 3131 quasi
739 3046 869 3113 novitas
887 3069 947 3114 nos
966 3048 1072 3135 magis
1091 3070 1192 3134 quam
1309 3044 1310 3101 Ψ

179 3133 369 3221 magnitudo
401 3154 510 3200 rerum
542 3134 659 3201 debeat
686 3135 728 3201 ad
754 3136 967 3220 exquirendas
995 3159 1110 3204 causas
1138 3161 1194 3204 ex·
1309 3194 1310 3199 ,

125 3233 159 3286 tt
179 3222 289 3289 citare.
334 3219 413 3297 Quis
445 3222 532 3287 enim
563 3223 650 3291 huno
676 3223 842 3289 hominem
869 3224 1000 3310 dixerit,
1032 3227 1089 3313 qui
1116 3249 1191 3293 cum

178 3313 248 3375 tam
275 3313 381 3376 certos
409 3310 491 3376 caeli
518 3316 640 3397 motus,
667 3314 737 3378 tum
759 3309 849 3379 ratos
873 3317 1036 3380 astromm
1059 3316 1189 3382 ordines
1204 3330 1234 3375 aa
1309 3334 1310 3403 ᾗ

177 3401 312 3482 tamque
335 3397 421 3464 inter
444 3419 479 3464 se
503 3400 612 3465 omnia
634 3421 755 3467 conexa
778 3404 812 3466 et
834 3406 913 3488 apta
934 3402 1066 3487 viderit,
1090 3408 1191 3491 neget
1214 3434 1218 3437 ⁷
1309 3414 1310 3485 t

177 3485 210 3553 in
239 3485 292 3550 bis
320 3485 423 3551 ullam
449 3485 556 3554 inesse
582 3488 744 3554 rationem
772 3510 872 3574 eaque
900 3511 977 3557 casu
999 3491 1071 3557 fieri
1094 3491 1191 3576 dicat,
1309 3488 1310 3549 ἶ
