2630 3904
362 1036 411 1113 u.
440 1037 602 1114 umuu
629 1036 875 1115 monacum

225 1213 322 1313 DE
358 1214 667 1316 NATURA
701 1214 1013 1317 DEORUM

485 1402 535 1459 AD
549 1403 585 1459 li
600 1402 753 1460 BRUTUM

446 1552 585 1614 LIBER
612 1552 792 1615 PRIMUS.

472 1834 769 1898 ARGUMENTUM.

185 1971 218 2026 In
239 1968 284 2025 his
306 1967 400 2038 libris,
425 1967 455 2024 in
474 1969 574 2038 quibus
593 1966 690 2025 Cicero
715 1967 770 2025 sibi
793 1983 903 2025 omnem
920 1967 978 2027 fere
996 1971 1122 2029 veterum

111 2040 346 2115 philosophorum
361 2039 395 2095 de
409 2041 510 2096 natum
523 2039 638 2096 deorum
652 2039 809 2096 doctrinm
823 2040 1016 2110 explicandam
1031 2059 1122 2115 sump-

112 2114 166 2183 sit,
187 2111 262 2167 hauc
282 2110 422 2168 rationem
444 2111 557 2167 secutus
580 2111 636 2179 est,
654 2113 700 2194 ut,
724 2125 796 2181 quoe
818 2108 951 2183 Epicurei
968 2111 1004 2168 de
1022 2115 1123 2169 natura

113 2183 231 2240 deorum
249 2181 418 2249 docuissent,
437 2198 471 2236 ea
488 2179 518 2237 0.
536 2181 656 2249 Velleio,
675 2197 701 2238 eu
720 2181 768 2251 qni
785 2197 859 2237 anno
876 2199 903 2237 u
923 2199 946 2238 o.
965 2189 1018 2239 664
1036 2184 1122 2239 tribu-

112 2256 211 2310 natum
231 2252 356 2309 obtinuit
377 2255 408 2309 et
431 2250 499 2307 clari
521 2250 599 2308 illius
622 2252 741 2308 oratoris
759 2251 788 2306 L.
808 2251 910 2308 Licinii
928 2251 1021 2309 Crassi
1043 2254 1123 2311 fami·

113 2323 192 2382 liaris
210 2323 297 2381 luisse
315 2321 419 2380 dicitur
429 2322 482 2450 s§de
501 2339 539 2377 or.
558 2322 659 2379 11121.
679 2327 732 2394 78),
751 2323 916 2395 exponenda
933 2324 1069 2392 traderet,
1089 2342 1124 2381 ea

113 2397 218 2463 antem
237 2411 308 2466 quae
322 2393 411 2452 Stoici
449 2411 464 2449 e
481 2395 582 2449 natura
599 2393 714 2450 deorum
731 2393 949 2466 praecepissent,
968 2393 999 2462 Q.
1014 2395 1122 2452 Lucilio

113 2467 213 2532 Balbo,
231 2483 315 2538 quem
333 2465 452 2523 eundem
471 2464 557 2521 etiam
574 2464 604 2520 in
617 2464 768 2521 Hortensio
785 2463 948 2535 loquentem
966 2465 1121 2534 induxerat,

113 2536 282 2611 explicanda
303 2535 391 2594 daret
430 2534 534 2593 Contra
554 2536 607 2591 hos
629 2534 671 2590 ita
688 2534 879 2607 disputantem
901 2535 971 2592 fecit
990 2536 1018 2593 C.
1036 2537 1123 2593 Aure-

112 2608 184 2666 lium
202 2607 327 2677 Cottam
345 2609 484 2664 oratorem
501 2623 559 2663 non
577 2605 584 2621 ’
625 2605 742 2673 obilem,
765 2607 798 2662 ut
814 2605 852 2672 is,
871 2622 942 2677 quae
960 2607 1124 2664 Academici

115 2679 149 2737 de
174 2681 276 2737 natura
301 2679 417 2734 deorum
441 2678 615 2749 docuisses,
640 2678 790 2734 enarraret.
825 2676 884 2733 Hos
910 2679 968 2734 tres
995 2679 1124 2736 homines

114 2751 190 2824 apud
213 2749 240 2807 Ο
266 2747 378 2807 Cottam
402 2747 481 2805 feriis
502 2747 611 2804 Iiatinis
635 2747 710 2804 inter
733 2764 835 2804 annum
859 2765 886 2806 n
906 2764 929 2807 c.
949 2755 1000 2806 tlt
1024 2750 1054 2805 et
1076 2766 1123 2805 an·

114 2839 181 2878 num
205 2826 256 2880 tlt
279 2820 353 2878 inter
375 2836 406 2878 se
428 2820 463 2875 de
486 2821 586 2875 nature
611 2818 726 2875 deorum
752 2818 943 2889 colloquentes
967 2819 1037 2876 facit
1060 2820 1122 2893 ipso

116 2892 256 2960 audiente,
275 2908 338 2948 cum
356 2890 442 2964 paulo
463 2892 529 2947 ante
546 2889 577 2947 in
595 2889 713 2946 Graecia
731 2888 824 2973 studio
841 2889 1039 3016 philosophiae
1059 2908 1124 2964 ope·

115 2978 175 3019 ram
186 2962 331 3019 dedisset
369 2961 516 3018 Scrssrebat
537 2963 632 3016 autern
655 2961 708 3016 hos
731 2959 833 3030 libros,
857 2962 891 3015 ut
908 2961 1006 3033 coligi
1028 2965 1125 3034 potest
1162 2995 1164 2999 ·

115 3031 535 3159 &dimmittat
552 3031 623 3160 {¹3¹2
640 3036 738 3159 tls?
757 3030 1001 3162 ttutbttffit
1018 3034 1123 3161 utu

114 3172 241 3230 absolvit
259 3173 334 3230 certe
352 3176 418 3231 ante
435 3173 502 3229 Idus
515 3124 631 3229 Martias
649 3172 716 3228 anni
726 3146 760 3229 'u
779 3189 803 3231 o.
820 3179 880 3241 710,
899 3176 932 3228 ut
948 3145 1125 3247 intellegitur

115 3261 150 3301 ex
167 3243 216 3301 lib.
231 3245 245 3299 I
262 3250 356 3316 caps
374 3251 390 3312 t
405 3251 428 3300 7.
461 3246 492 3300 ln
510 3244 565 3299 hoc
582 3246 678 3299 autem
694 3243 766 3300 libro
784 3244 875 3316 primo
890 3244 925 3300 de
943 3247 1043 3301 natura
1056 3245 1123 3302 deo-

113 3332 186 3385 rum,
203 3329 273 3386 qnos
290 3314 371 3371 misit
386 3314 423 3370 ad
440 3313 477 3370 Μ.
491 3315 618 3384 Brutum,
636 3330 719 3384 quem
736 3316 849 3374 constat
865 3314 895 3371 in
909 3315 1016 3372 Grecos
1032 3316 1125 3388 philo·

114 3385 218 3470 sophia
241 3385 437 3458 cognoscenda
459 3385 579 3442 multum
602 3384 751 3468 temporis.
764 3401 919 3470 operaeque
944 3384 1072 3458 posuisse
1094 3387 1124 3442 et

115 3475 127 3512 ι
147 3475 209 3513 sum
225 3456 329 3512 latrum
348 3456 383 3513 ds
401 3456 505 3513 virtute
525 3457 724 3528 composuisse,
742 3473 771 3510 m
790 3471 852 3526 ipso
870 3457 1013 3527 prooemio
1031 3455 1068 3511 ad
1086 3456 1123 3509 Μ,

249 3527 355 3599 scripto
369 3527 407 3584 Μ.
420 3527 529 3583 'tullius
547 3526 583 3584 de
601 3541 709 3583 summa
722 3524 888 3581 difficultate
907 3529 936 3583 et
954 3524 1125 3581 obscuritate

168 3634 223 3677 osc.
236 3634 279 3677 rr.
296 3637 316 3677 a
895 3619 910 3664 ¹
