2652 3908
880 51 987 113 wi,
1009 50 1104 97 rm„
1138 54 1156 99 r,

408 194 476 250 ms.
495 195 530 250 n
551 195 626 251 cer.
647 202 724 252 1-s.
743 200 855 263 sa-s
910 176 931 193 ”
950 192 959 203 “
1091 199 1134 261 49

118 338 213 404 ridae
234 337 369 405 Persem
391 339 513 406 rictum
534 340 775 409 nuntiaverunt
809 339 846 408 P.
869 340 956 408 enim
972 338 1136 423 Vatinius,

119 449 204 494 arus
235 426 332 495 huius
365 427 595 515 adulescentis,
626 451 699 494 cum
729 429 974 516 spraefectura
995 428 1136 495 Reatina

119 515 264 583 Romam
289 516 434 583 venienti
461 520 566 611 noctu
587 516 650 582 duo
677 517 809 584 iuvenes
837 540 910 585 cum
935 518 1027 604 equis
1050 518 1135 584 albis

120 604 283 671 dixissent
305 626 417 692 regem
434 592 578 671 Persem
589 605 648 671 illo
672 605 722 671 die
745 610 886 692 captum,
909 606 1036 672 senatui
1055 628 1135 672 nun·

90 694 235 778 stiavit3
258 697 292 760 et
312 694 419 779 primo
443 693 537 778 qussi
555 697 677 759 temere
695 695 735 760 de
752 695 937 781 republica
954 696 1082 762 locutus
1100 694 1136 762 in

120 804 286 849 carcerem
315 782 479 849 coniectus
507 786 570 867 est,
597 787 675 869 post
701 782 847 850 aPaulo
874 783 995 850 litteris
1023 783 1135 853 allatis

121 893 197 937 cum
226 870 313 936 idem
340 870 408 936 dies
435 871 651 956 constitisset,
671 875 715 945 „et
742 893 822 960 egro
845 895 866 939 a
888 876 1004 939 senatu
1026 876 1060 938 et
1082 894 1136 938 va-

120 959 252 1026 catione
284 959 422 1025 donatus
455 963 514 1026 est.
565 960 673 1046 Atque
702 959 803 1027 etiam
831 983 906 1029 cnm
932 960 975 1028 ad
1001 960 1135 1027 fluvium

121 1045 264 1136 Sagram
278 1046 487 1114 Crotoniatas
500 1048 596 1115 Locri
619 1048 760 1114 maximo
782 1050 909 1135 proelio
933 1049 1135 1133 devicissent,

81 1151 109 1195 ιο
123 1158 162 1203 eo
185 1137 259 1222 ipso
284 1136 335 1202 die
358 1137 503 1204 auditam
522 1159 593 1203 esse
612 1160 684 1204 eam
701 1159 847 1225 pugnem
864 1138 949 1205 ludis
964 1137 1136 1224 Olympiae

122 1225 301 1291 memoriae
322 1226 489 1311 proditum
511 1229 571 1292 est.
607 1224 710 1312 Saepe
723 1225 910 1293 Faunorum
927 1248 1024 1294 voces
1043 1249 1136 1293 exau·

123 1314 225 1397 ditae,
257 1335 354 1399 saepe
383 1315 472 1380 visae
497 1314 624 1381 formae
651 1315 784 1382 deorum
812 1315 959 1401 quemvis
985 1337 1052 1383 non
1079 1319 1136 1381 aut

121 1400 275 1468 hebetem
307 1406 364 1469 aut
394 1403 533 1489 impium
565 1403 641 1471 deos
672 1407 861 1490 praesentes
888 1425 959 1470 esse
988 1404 1136 1471 confiteri

123 1496 309 1578 coegenmc
344 1490 586 1559 Praedictiones
608 1514 686 1557 vero
710 1496 743 1558 et
764 1493 1009 1578 praesensiones
1027 1458 1175 1584 rernm?

79 1579 309 1646 “futurarum
345 1579 423 1666 quid
459 1579 548 1648 aliud
584 1581 751 1647 declarant
783 1581 848 1646 nisi
878 1580 1066 1648 hominibus
1098 1602 1137 1646 ea

122 1663 265 1753 ostendi,
298 1669 489 1755 monstrari,
519 1670 683 1756 portendi,
714 1669 879 1756 praedici?
911 1690 950 1736 cx
983 1690 1046 1754 quo
1078 1668 1137 1734 illa

122 1759 295 1840 ostenta,
327 1761 514 1842 monstra,
544 1762 743 1843 portenta,
759 1757 951 1911 'rprodigia
978 1757 1137 1824 dicuntur.

123 1843 247 1922 Quodsi
269 1867 308 1911 ea
329 1846 406 1912 ficta
429 1846 588 1913 credimus
610 1847 742 1912 lieentia
775 1846 954 1932 abulcrum,
976 1845 1138 1932 Mopsum,
1224 1844 1228 1859 '

124 1932 293 2018 Tiresiam,
308 1934 554 2021 Amphiaraum,
570 1934 792 2020 Calchantem,
805 1934 976 2021 Helenum,
994 1956 1076 2022 quos
1089 1940 1137 2002 te·

80 2036 110 2079 ⁸⁰
123 2044 199 2088 men
218 2044 360 2109 augures
381 2045 422 2089 ne
444 2023 536 2110 ipsae
558 2023 688 2110 quidem
709 2023 842 2090 fabulae
864 2023 1086 2110 adscivissent,
1108 2025 1137 2090 si

123 2132 176 2179 res
195 2110 327 2178 omnino
350 2112 544 2199 repudiaret,
566 2133 608 2178 ne
626 2112 812 2179 domesticis
831 2112 961 2197 quidem
979 2113 1136 2199 exemplis

124 2199 212 2266 docti
243 2222 365 2266 numen
395 2200 529 2267 deorum
556 2201 852 2286 conprobabimus?
896 2200 990 2268 Nihil
1017 2223 1078 2268 nos
1101 2201 1136 2267 P.

124 2286 253 2356 Claudii
280 2287 520 2379 hessejunim
547 2290 653 2376 primo
681 2290 850 2357 temeritas
868 2289 1044 2358 movebit?
1080 2290 1137 2375 qui

125 2362 454 2464 eeffi‘pif‘iocum
486 2377 564 2445 dees
590 2378 747 2464 inridens,
779 2401 853 2445 cum
880 2401 978 2446 cavea
1005 2378 1137 2446 liberati

80 2454 111 2545 ,ὦ
146 2466 209 2532 ulli
229 2488 298 2534 non
318 2471 541 2554 pascerentur,
563 2468 669 2554 mergi
691 2488 747 2534 eos
768 2467 805 2533 in
827 2490 945 2553 aquam
967 2468 1076 2554 iussit,
1099 2471 1137 2534 ut

124 2489 288 2641 liberent,
313 2556 467 2641 quoniam
490 2576 560 2622 esse
582 2556 719 2622 nollent.
764 2553 827 2632 Qui
849 2556 935 2622 risus
957 2557 1062 2623 classe
1085 2555 1136 2622 de

124 2643 212 2711 victa
238 2644 362 2711 multas
384 2644 450 2731 ipsi
471 2644 637 2730 lacrimas,
663 2666 819 2732 magnam
841 2645 963 2731 populo
985 2644 1135 2713 Romano

124 2731 250 2799 cladem
269 2732 392 2800 attulit.
424 2730 530 2809 Quid?
553 2733 681 2819 college
699 2734 768 2799 eius
785 2731 897 2800 Iunius
916 2732 1028 2799 eodem
1046 2732 1135 2798 hello

123 2842 231 2888 nonne
259 2825 456 2909 tempestate
483 2822 621 2890 classem
645 2820 769 2907 emisit,
796 2843 870 2889 cum
893 2820 1047 2907 auspiciis
1068 2843 1137 2888 non

89 2910 310 2996 operuisset?
358 2909 474 2997 Itaque
506 2909 662 2977 Claudius
698 2933 720 2978 a
749 2910 871 2997 populo
903 2909 1136 2978 condemnatus

125 3002 188 3084 est,
215 2997 329 3065 Iunius
353 3020 465 3066 necem
488 2999 552 3066 sibi
574 2998 646 3086 ipse
668 2998 835 3066 conscivit
880 2996 915 3066 C.
937 2997 1171 3066 Flsminiums

125 3085 256 3154 Coelius
279 3087 439 3175 religione
460 3089 612 3175 neglecte
629 3087 782 3156 cecidisse
801 3086 887 3174 apud
900 3086 1136 3155 Trasumenum

125 3175 240 3245 scribit
275 3197 349 3243 cum
384 3197 505 3263 magno
541 3177 589 3243 rei
618 3176 769 3262 publicae
800 3175 942 3244 vulnere.
991 3174 1137 3253 Quorum

76 3340 82 3365 ἲ
125 3264 224 3370 exitio
252 3264 402 3352 intellegi
429 3268 540 3367 potest
557 3285 679 3367 'sorum
705 3264 851 3367 imperiis
878 3265 1136 3368 rempublicam

87 3352 1137 3526 '⁶elstretqtrlltttbhtttjlthlittle

123 3553 219 3617 peres
237 3529 414 3598 autetiam
431 3529 602 3596 inferiores
615 3528 822 3616 reperiemur,
843 3528 1012 3616 religione,
1033 3528 1068 3595 id
1086 3530 1137 3594 est

178 3642 234 3687 010.
246 3643 289 3688 rr.
302 3646 323 3688 a
904 3642 923 3687 r
