2654 3912
180 197 246 263 362
464 240 466 245 «
541 199 591 252 DE
609 200 657 254 RE
677 199 832 254 PUBLICA

179 342 301 429 privati
327 348 438 430 petere
466 344 616 410 solebant
644 367 665 411 a
691 345 837 431 regibus,
868 346 910 411 ob
934 368 1054 430 easque
1076 367 1196 413 causas

181 432 254 518 agri
281 433 351 498 arvi
379 436 413 498 et
441 433 568 498 arbusti
595 437 628 498 et
655 435 768 518 pascui
796 435 857 499 lati
880 439 978 519 atque
1001 436 1117 500 uberes
1142 435 1198 500 de-

179 520 389 605 finiebantur,
417 522 474 606 qui
501 525 610 587 essent
636 522 719 609 regii
747 523 830 607 [qni]
854 524 1099 608 colerenturque
1122 523 1197 588 sine

180 629 295 696 regum
323 632 422 695 opera
450 612 483 676 et
510 611 636 695 labore,
662 616 701 676 ut
728 633 784 676 eos
807 611 900 677 nulla
920 612 1045 698 privati
1065 613 1197 700 negotii

180 720 258 764 eura
285 721 305 763 a
331 698 527 783 populorum
554 700 651 765 rebus
679 700 860 765 abduceret.
903 699 972 766 Nee
1000 723 1078 766 vero
1107 702 1226 786 quis-s

181 809 279 871 quam
306 786 454 873 privatus
482 791 554 852 erat
577 788 776 874 disceptator
799 792 856 854 aut
879 789 1002 855 arbiter
1025 790 1107 874 litis,
1135 790 1197 854 sed

179 903 207 955 p.
227 877 293 957 248]
317 876 427 940 omnia
453 873 716 963 conlficiebantur
742 878 868 944 iudiciis
891 878 1001 964 regiis.
1045 878 1091 942 Et
1109 878 1197 943 mihi

179 963 309 1048 quidem
337 963 465 1028 videtur
487 964 596 1030 Numa
621 970 734 1031 noster
763 967 903 1031 maxime
933 966 1077 1032 tenuisse
1104 967 1197 1033 hunc

178 1075 302 1118 morem
321 1055 464 1117 veterem
479 1053 633 1118 Graeciae
652 1076 775 1140 regum.
811 1055 897 1121 Nam
916 1055 1024 1140 ceteri,
1048 1056 1110 1120 etsi
1129 1056 1197 1122 hoo

178 1163 314 1225 quoque·
334 1163 466 1206 munere
487 1141 721 1229 fungebantur,
749 1165 903 1230 magnam
926 1148 1038 1209 tamen
1060 1150 1195 1232 partem
1211 1167 1239 1205 m

177 1229 267 1294 bella
295 1234 465 1314 gesserunt
492 1236 525 1295 et
552 1254 663 1296 eorum
690 1232 762 1297 iura
785 1232 968 1316 coluerunt3
998 1232 1056 1298 illa
1080 1238 1196 1299 autem

178 1316 330 1382 diuturna
352 1341 416 1405 pax
434 1317 561 1385 Numae
584 1324 689 1385 mater
711 1321 786 1386 huic
808 1321 883 1385 urbi
905 1321 985 1385 iuris
1009 1325 1043 1385 et
1060 1322 1196 1408 religio·

176 1406 229 1471 nis
251 1406 323 1490 fuit,
347 1407 402 1491 qui
425 1409 535 1493 legum
558 1409 657 1473 etiam
681 1410 821 1494 scriptor
843 1409 969 1492 fuisset,
993 1432 1074 1495 quas
1097 1412 1194 1476 scitis

178 1499 302 1579 extare,
331 1496 418 1580 quod
447 1497 577 1580 quidem
605 1496 702 1563 huius
733 1497 813 1563 civis
842 1497 1025 1584 proprium,
1055 1499 1095 1564 de
1125 1522 1193 1585 quo

178 1606 389 1670 agimus...
1209 1607 1236 1648 rs

244 1674 291 1738 M.
316 1674 440 1740 Tollius
460 1675 498 1740 de
518 1695 553 1739 re
567 1675 652 1757 preti.
676 1675 726 1740 to.
754 1674 798 1741 V:
824 1674 881 1740 sed
907 1679 1019 1740 tamen
1041 1679 1079 1740 ut
1101 1676 1192 1742 bono

177 1761 266 1847 patri
282 1761 426 1827 familias
445 1762 581 1846 colendi,
604 1763 804 1848 aedificandi,
821 1764 1037 1829 ratiocinandi
1056 1765 1189 1849 quidam

179 1871 256 1915 usus
281 1871 362 1935 opus
386 1853 444 1915 est.
481 1851 856 1935 (Nouiusp.497.19.)

142 1953 205 2019 cp.
225 1941 290 2019 ata]
366 1988 373 2003 .
393 1989 400 2004 .
420 1940 614 2004 ..radicum
642 1940 865 2025 seminumque
892 1962 1087 2027 cognoscere
1109 1965 1192 2008 num

176 2031 211 2092 te
234 2027 397 2093 offendet?
428 2028 477 2093 M.
496 2026 598 2111 Nihil,
621 2030 649 2094 si
672 2029 768 2094 modo
786 2051 868 2114 opus
888 2030 1022 2095 extabit.
1048 2030 1081 2097 δ’.
1099 2029 1191 2097 Num
1206 2050 1235 2092 ao

177 2116 212 2181 id
244 2116 388 2181 studium
420 2137 531 2181 censes
563 2138 634 2181 esse
665 2117 776 2183 vilici?
820 2119 865 2184 M.
888 2117 1036 2203 Minime3
1068 2121 1190 2205 quippe

177 2227 251 2270 cum
270 2206 342 2290 agri
361 2204 522 2269 culturam
541 2205 730 2289 saepissime
749 2227 849 2290 opera
866 2206 1004 2273 deficiat.
1036 2207 1070 2274 S.
1087 2208 1189 2294 Ergo,

177 2296 215 2358 ut
232 2292 349 2357 vilicus
367 2297 519 2357 naturam
538 2294 611 2379 agri
627 2294 728 2378 novit,
747 2294 954 2379 dispensator
973 2297 1102 2362 litteras
1116 2298 1189 2382 seit,

177 2385 314 2464 uterque
337 2385 447 2445 autem
470 2403 504 2446 se
526 2405 545 2446 a
563 2382 716 2447 scientiae
734 2383 949 2449 delectatione
968 2386 1009 2449 ad
1027 2385 1190 2451 efficiendi

177 2469 354 2535 utilitatem
378 2470 491 2553 refert,
519 2471 565 2536 sic
587 2475 699 2536 noster
720 2470 774 2538 hic
795 2475 903 2539 rector
926 2473 1086 2538 studuerit
1110 2497 1188 2540 sane
1203 2494 1230 2534 2⁵

177 2558 241 2624 iuri
263 2562 297 2624 et
316 2557 445 2645 legibus
465 2560 705 2645 cognoscendis,
726 2559 829 2625 fontis
848 2561 978 2645 quidem
997 2584 1107 2628 earum
1125 2564 1189 2628 uti·

176 2677 205 2729 p.
223 2650 291 2730 254]
315 2670 377 2733 que
400 2649 618 2750 perlspexerit,
642 2648 699 2713 sed
721 2670 756 2714 se
778 2650 1027 2734 responsitando
1046 2653 1080 2715 et
1098 2652 1188 2717 lecti-

177 2737 278 2803 tando
301 2741 334 2801 et
353 2736 567 2822 scriptitando
585 2759 626 2802 ne
644 2737 810 2822 impediat,
832 2741 870 2802 ut
888 2739 982 2823 quasi
1000 2739 1188 2825 dispensare

176 2849 245 2891 rem
272 2825 438 2911 publicam
461 2829 494 2890 et
516 2825 549 2890 in
573 2847 612 2891 ea
635 2826 774 2911 quodam
797 2825 894 2892 modo
918 2827 1049 2893 vilicare
1071 2829 1187 2913 possit,

177 2914 297 2979 summi
323 2915 403 2979 iuris
428 2913 659 2999 peritissimus,
687 2914 757 2979 sine
780 2936 844 2999 quo
867 2914 973 2980 iustus
996 2937 1067 2981 esse
1088 2939 1186 2983 nemo
1200 2935 1229 2975 ⁸⁰

175 3007 296 3088 potest,
318 3003 423 3068 civilis
446 3025 512 3068 non
533 3003 701 3087 inperitus,
725 3003 781 3068 sed
803 3004 859 3085 ita,
883 3007 921 3068 ut
943 3006 1107 3070 astrorum
1129 3027 1187 3092 gu-

174 3092 343 3176 bernator,
371 3090 579 3176 physicorum
603 3092 758 3174 medicus3
785 3096 922 3176 uterque
945 3092 1031 3157 enim
1053 3094 1120 3158 illis
1145 3094 1187 3159 ad

176 3186 281 3246 artem
304 3202 397 3245 suam
419 3180 533 3263 utitur,
556 3180 612 3244 sed
635 3201 669 3245 se
692 3203 712 3245 a
735 3202 794 3245 suo
818 3202 950 3246 munere
967 3202 1034 3246 non
1052 3182 1186 3267 inpedit.

136 3329 157 3391 4
174 3269 260 3334 Illud
284 3274 393 3335 autem
415 3268 540 3332 videbit
563 3268 616 3333 hio
638 3269 703 3334 vir.
718 3320 725 3334 .
740 3319 769 3334 ..

138 1645 160 1772 l

15 3352 16 3429 i
139 3386 202 3455 ,p
219 3361 282 3438 199]
358 3356 637 3441 ....cioitatibus,
663 3358 699 3421 in
726 3357 843 3441 quibus
871 3361 1027 3444 expetunt
1054 3357 1186 3423 laudem
1200 3375 1227 3418 ss

174 3445 301 3529 optumi
320 3446 353 3508 et
373 3443 478 3527 decus,
500 3444 714 3529 ignominiam
731 3445 863 3531 fugiunt
881 3468 919 3511 ac
938 3446 1084 3511 dedecus.
1115 3445 1148 3510 N
1150 3470 1186 3512 ec

173 3554 250 3598 vero
278 3536 346 3595 tam
376 3534 466 3595 metu
492 3554 661 3618 poenaque
684 3537 860 3617 terrentur,
888 3556 970 3616 quae
993 3539 1044 3598 est
1067 3536 1185 3601 consti·
