2654 3912
388 198 456 254 Lis.
475 202 523 258 lv.
543 201 618 258 CAP.
638 180 734 257 ο-ύε.
758 207 887 267 ssi-14.
1079 193 1144 262 359

134 348 234 414 cludit
258 347 339 413 tunc
370 347 481 423 louein,
509 351 547 411 ut
576 346 714 411 ostendat
745 345 911 410 veteribus
941 342 1145 446 displicuisse

136 436 294 501 Romanis
319 435 371 500 vel
394 434 520 499 laudari
543 456 737 519 quemquam
760 433 796 499 in
818 455 935 500 scaena
956 455 1067 498 vivum
1089 430 1145 496 ho

135 525 258 590 minem
285 524 337 588 vel
366 523 553 609 vituperari.
593 524 802 607 (Auyustinus
828 523 865 588 de
886 524 941 588 αὐ.
964 522 1013 586 tu·
1035 520 1081 585 ΙΙ
1099 520 1145 602 9.)

204 611 398 678 Oonoecliuin
426 633 487 678 esse
509 611 613 678 Cicero
635 614 683 676 uit
703 613 905 676 imitationem
927 611 1021 688 cituc,
1043 590 1196 690 specu-11

108 702 203 768 sium
225 702 464 779 consuetudinis,
491 702 658 784 inopinum
679 702 825 766 unitatis.
861 697 991 781 (Donat.
1014 699 1050 763 de
1072 717 1145 761 coin.
1165 668 1197 715 ¹³

137 792 233 873 inp.
255 790 363 855 LVII
384 791 502 854 Tenent.
525 792 570 854 ed.
597 789 749 868 Westert,
767 810 800 872 p.
823 787 915 853 XVI
933 794 953 853 9
976 785 1095 868 Klots.)

203 879 259 944 Aoi
279 878 359 943 tuone
376 879 616 944 conuenientium
627 880 769 960 pertinet,
787 879 868 960 quod
885 878 978 942 οίίανι
995 874 1146 941 scaenicos

137 973 252 1034 octones
279 969 444 1033 eorundem
469 967 649 1048 fuhulunnn
675 988 738 1032 non
760 987 859 1049 paruo
880 966 1019 1032 ciuitatis
1035 963 1148 1028 toncnc

137 1058 246 1139 diunos
267 1058 495 1134 εκίείίικανιιιιί,
516 1056 681 1137 siquiden,
707 1057 788 1138 quod
809 1058 843 1120 in
865 1076 898 1120 eo
920 1074 1035 1136 quoque
1056 1052 1093 1117 cle
1113 1071 1147 1116 re

99 1164 125 1203 ιο
133 1146 262 1227 publico
279 1145 356 1211 libro
374 1149 636 1221 commemoratur,
659 1143 836 1210 Aeschines
854 1141 1074 1223 Atheniensis,
1095 1139 1147 1205 vir

138 1233 432 1317 eloquentissimus,
446 1255 520 1298 eum
534 1232 721 1297 adulescens
735 1232 921 1317 tragoedias
936 1228 1147 1312 actitavisset,

138 1344 207 1386 rem
234 1322 400 1406 publicam
427 1321 615 1407 capessivit,
645 1325 678 1385 et
700 1321 957 1404 Aristodemum,
985 1318 1147 1404 tragicum

138 1411 217 1475 item
246 1413 402 1493 actorem,
429 1409 580 1474 maximis
609 1409 766 1475 derebus
789 1409 879 1495 pacis
902 1411 935 1473 et
958 1407 1038 1472 belli
1059 1407 1147 1492 lega

138 1502 209 1564 tum
228 1499 269 1564 ad
283 1498 471 1583 Philippum
485 1498 701 1564 Athenienses
720 1520 816 1583 saepe
835 1497 1002 1562 miserunt.
1024 1495 1147 1579 (Anqu-

99 1605 125 1646 1⁶
138 1590 239 1654 stinus
261 1589 298 1653 de
319 1589 373 1653 cic.
395 1589 445 1652 dei
466 1587 513 1653 ΙΙ
530 1588 594 1671 11.)

207 1681 292 1752 Ούτε
310 1680 375 1769 γάρ
395 1680 507 1750 ἅπασα
524 1684 638 1770 τέρψις
656 1681 805 1769 μεμπτὸν
824 1680 902 1749 oilie
914 1683 974 1767 τῆς
988 1681 1148 1765 μουσικῆς
1159 1651 1201 1777 13
1317 1724 1318 1751 ;

139 1779 223 1867 αὕτη
251 1782 359 1866 τέλος,
389 1778 464 1848 ἀλλ’
494 1778 515 1867 ἡ
544 1780 605 1868 μὲν
633 1785 829 1866 ψυχαγωγία
856 1777 939 1846 κατὰ
966 1777 1004 1846 τὸ
1029 1781 1149 1863 συμβε-

139 1876 259 1963 βηκός,
283 1874 407 1957 σκοπὸς
430 1877 468 1945 cs
491 1874 509 1945 ὁ
533 1884 750 1965 προκείμενος
772 1874 793 1963 ἡ
817 1874 900 1964 πρὸς
923 1874 1045 1963 ἀρετὴν
1064 1873 1149 1960 ἀφέ-
1317 1862 1318 1949 l

139 1984 226 2044 λεια·
239 1992 241 1997 ’
255 1973 336 2063 ὅπερ
364 1975 510 2055 πολλούς
531 2002 567 2043 τε
590 1974 713 2054 ἀλλους
736 1980 837 2042 έλαθε
859 1973 915 2041 καὶ
937 1973 998 2042 τὸν
1022 1976 1058 2042 έν
1080 1985 1150 2051 τοις

99 2093 126 2134 ⁹⁰
140 2075 332 2161 Κικέρωνος
353 2075 414 2139 τοῦ
434 2069 599 2158 Ῥωμαίου
621 2079 844 2151 πολιτικοῖς
865 2070 906 2138 τὰ
929 2070 1012 2138 κατὰ
1035 2090 1149 2158 μουσι-

140 2177 199 2259 niis
221 2171 416 2258 γρηθέντα·
440 2167 482 2238 ού
501 2168 565 2257 γὰρ
585 2167 682 2256 ἔγωγ’
704 2165 748 2236 ἀν
767 2174 873 2256 φαίην
892 2171 1005 2258 έκείνφ
1024 2166 1065 2235 τά
1083 2192 1150 2235 τοι-

140 2276 225 2338 αῦτα
258 2272 430 2357 εἰρῆσθαι·
460 2269 530 2347 πῶς
560 2266 625 2353 γὰρ
658 2266 702 2333 ἀν
733 2292 782 2346 τις
810 2263 915 2334 αύτὸν
944 2270 1149 2351 ίσχυρίσαιτο

140 2367 305 2455 μουσικὴν
323 2369 495 2452 λοιδορεῖν
512 2390 548 2432 τε
566 2365 621 2431 καὶ
640 2361 685 2444 ως
703 2361 839 2451 φαύλην
857 2361 1018 2431 εὐθύνειν
1031 2363 1151 2450 τέχνην

141 2456 314 2551 ἀρμονιάν
342 2490 377 2532 τε
405 2463 460 2530 καὶ
488 2466 631 2550 ῥυθμῶν
659 2460 778 2550 ἀρετάς
804 2487 839 2529 τε
865 2460 922 2528 καὶ
944 2466 1060 2540 κακίας
1082 2464 1151 2528 διο-

102 2580 128 2621 26
142 2569 315 2649 ρίζουσαν;
339 2559 459 2645 ἄνδρα,
483 2555 520 2640 ὃς
541 2558 580 2627 τὸ
599 2562 780 2645 τηνικαῦτα
799 2560 944 2645 ῥυθμοῖς
962 2557 1079 2644 μόνοις
1096 2557 1152 2624 καί

141 2658 272 2737 τούτοις
294 2655 450 2743 ἀγεννέσι
468 2657 525 2725 καὶ
543 2657 687 2745 φαύλοις
706 2655 979 2742 ἐπιδεικνύμενον
993 2653 1152 2726 Ῥωσκιον

141 2753 203 2823 τὸν
222 2752 390 2842 ὀρχηστὴν
409 2753 497 2824 ούτω
517 2755 651 2842 σφόδρα
670 2754 888 2841 ἐξεπλήττετο,
908 2751 992 2822 ὥστε
1011 2753 1153 2840 φάσκειν

143 2849 249 2921 αὐτὸν
277 2857 421 2941 προνοίᾳ
448 2856 542 2920 θεῶν
566 2855 599 2932 ἐς
621 2849 827 2937 ἀνθρώπους
849 2858 1039 2939 παρελθεῖν.
1084 2851 1154 2920 Καὶ

142 2949 207 3037 γὰρ
232 2956 265 3017 εί
284 2976 334 3029 τις
357 2947 462 3018 αὐτὸν
485 2949 610 3036 φάσκοι
632 2949 672 3017 τά
692 2949 753 3036 μὲν
773 2951 809 3017 έν
827 2940 850 3037 ᾖ
868 2950 1078 3036 συγγέγραφε
1096 2974 1155 3019 πο-

103 3066 129 3107 ³0
143 3052 248 3137 λιτείγ
275 3048 385 3133 λέγειν
414 3048 589 3132 ἑκουσίως,
615 3045 656 3115 τὰ
686 3046 724 3115 dt
746 3044 822 3133 περὶ
841 3043 1001 3114 ‘Paionion
1024 3070 1154 3134 πρυκει·

142 3149 243 3233 μένης
271 3146 383 3212 ἕνεκεν
410 3140 618 3231 ὑποθέσεως,
647 3140 880 3231 ἀντιστρέφειν
907 3142 968 3229 μὲν
990 3142 1047 3210 καὶ
1068 3141 1154 3230 ἡμᾶς

142 3239 245 3310 οὐδὲν
263 3240 406 3310 κωλύσει
423 3239 485 3309 τὸν
504 3240 610 3309 αὐτὸν
624 3241 737 3327 λόγον.
771 3236 857 3308 Ἀλλ’
875 3236 964 3326 ὅμως
977 3241 1033 3308 καὶ
1048 3239 1154 3320 ούτως

35 3334 38 3338 ’
141 3337 244 3406 λάθοι
276 3364 325 3418 τις
357 3333 401 3406 ἀν
433 3335 688 3425 ἀποδοκιμάζων
720 3341 864 3423 μᾶλλον,
899 3334 982 3405 ὅσον
1013 3340 1060 3418 είς
1090 3336 1154 3424 τὴν

141 3439 317 3523 παροῦσαν
336 3437 464 3520 σκέψιν,
483 3430 504 3521 ἢ
520 3433 678 3515 συνιστὰς
690 3432 752 3502 τὸν
766 3433 906 3522 ῥήτορα·
921 3432 1154 3515 ἀναξιόπιστος

103 3531 206 3620 ιιγάρ
234 3531 317 3620 πρὸς
344 3529 506 3620 ἀληθείας
533 3530 667 3621 εύρεσιν
693 3527 715 3619 ἢ
745 3535 879 3600 δικαίαν
906 3538 1017 3616 κρίσιν
1040 3528 1059 3600 ὁ
1082 3546 1153 3609 ταῖς
