2654 3924
179 211 248 279 292
546 210 595 264 DE
613 211 662 265 RE
680 210 833 266 PUBLIOA

180 357 363 442 perniciosa
391 356 456 422 alia
477 355 573 440 vitia,
599 356 726 421 nullum
750 360 801 421 est
823 356 905 421 enim
933 378 1034 442 genus
1057 357 1192 422 illarum

178 467 289 510 rerum
312 445 525 530 publicarum,
549 445 634 527 quod
652 466 718 510 non
736 445 857 510 habeat
874 446 938 510 iter
957 445 998 510 ad
1014 444 1190 511 finitimum

177 533 342 617 quoddam
365 534 488 598 malum
507 554 660 618 praeceps
679 555 717 599 oc
735 533 905 599 lubricum.
937 531 1024 599 Nam
1041 533 1092 598 illi
1110 533 1191 619 regi,

181 625 219 686 ut
237 644 310 687 eum
328 621 536 708 potissimum
553 622 727 705 nominem,
751 621 917 687 tolerabili
940 625 1006 706 aut,
1029 622 1058 686 si
1080 623 1191 707 voltis,

175 710 281 776 ⁴etiam
302 711 445 793 amabili,
468 708 562 793 Cyro,
586 709 697 775 subest
716 711 757 775 ad
774 710 957 775 inmutandi
976 709 1076 775 animi
1094 710 1190 776 licen·
1223 729 1237 769 u

178 827 208 880 p.
228 802 293 880 226]
322 799 402 864 tiam
431 798 671 864 crudelissimus
699 795 765 883 illle
787 798 952 881 Phalaris,
979 798 1069 864 cuius
1092 799 1128 862 in
1150 799 1191 864 si-

181 887 398 952 militudinem
428 887 612 951 dominatus
639 888 734 952 unius
761 887 898 972 proclivi
921 908 1017 952 cursu
1040 891 1073 952 et
1094 886 1190 953 facile

176 976 352 1041 delabitur.
388 976 444 1040 Illi
463 979 572 1040 autem
586 973 838 1040 Massiliensium
856 997 1034 1061 paucorum
1053 979 1086 1039 et
1104 975 1191 1061 prin-

178 1065 290 1149 cipum
314 1063 590 1129 administrationi
612 1064 755 1135 civitatis
778 1064 936 1129 finitimus
960 1067 1025 1148 est,
1048 1064 1104 1148 qui
1126 1064 1190 1130 fuit

181 1153 323 1236 quodam
352 1157 500 1238 tempore
530 1151 616 1237 opud
643 1152 860 1217 Athenienses
887 1152 1027 1239 triginta
1052 1154 1191 1218 virorum
1207 1172 1235 1212 ro

179 1263 357 1306 consensus
385 1244 419 1306 et
445 1240 555 1307 factio.
595 1239 666 1306 Iam
689 1241 938 1307 Atheniensium
965 1240 1079 1326 populi
1101 1245 1191 1327 pote

181 1333 302 1394 statem
330 1330 474 1396 omnium
502 1351 610 1394 rerum
633 1329 709 1415 ipsi,
737 1351 778 1395 ne
801 1330 883 1396 alios
906 1328 1122 1414 requiramus,
1149 1329 1191 1396 ad

180 1417 324 1483 furorem
347 1416 567 1484 multitudinis
589 1417 819 1502 licentiamque
837 1439 1027 1485 conversam
1044 1419 1191 1504 pesti...

427 1558 667 1642 [Desiderootur
684 1562 820 1642 popinae
841 1561 940 1641 dorae]

130 1659 173 1789 Ξὲ
182 1711 209 1764 p.
229 1686 275 1765 75]
349 1732 445 1749 .....
454 1681 646 1749 deterrimus
678 1688 711 1749 et
743 1705 781 1748 ex
812 1683 875 1750 hac
904 1683 956 1748 vel
984 1683 1191 1769 optimatium

183 1772 235 1838 vel
264 1772 404 1838 factiosa
432 1772 602 1854 tyrannica
630 1772 689 1837 illa
718 1772 771 1836 vel
801 1772 893 1858 regia
919 1774 971 1837 vel
1000 1773 1098 1837 etiam
1121 1795 1192 1857 per·
1206 1791 1233 1834 u

184 1882 280 1946 saepe
302 1859 478 1945 populeris,
501 1860 643 1944 itemque
667 1883 705 1925 ex
728 1882 766 1926 ea
790 1882 891 1946 genus
915 1861 1045 1945 aliquod
1065 1861 1192 1926 ecflore-

184 1971 272 2015 scere
291 1971 329 2013 ex
348 1948 424 2032 illis,
444 1970 526 2033 quae
545 1953 620 2014 ante
640 1950 714 2031 dixi,
733 1950 826 2031 solet,
845 1949 982 2032 mirique
1001 1952 1078 2013 sunt
1096 1950 1190 2016 orbes

185 2044 218 2103 et
241 2038 334 2122 quasi
357 2037 545 2103 circumitus
567 2038 603 2101 in
624 2039 720 2102 rebus
743 2037 882 2122 publicis
901 2038 1191 2104 commutationum

184 2132 218 2192 et
248 2126 522 2208 vicissitudinum
554 2147 635 2210 quos
662 2148 735 2190 cum
762 2144 920 2211 cognosse
949 2127 1105 2210 sapientis
1133 2129 1191 2210 est,

184 2218 254 2280 tum
277 2236 354 2279 vero
378 2214 562 2299 prospicere
580 2213 783 2298 inpendentis
801 2214 836 2278 in
855 2213 1064 2300 gubernanda
1083 2237 1117 2279 re
1136 2238 1192 2300 pu·
1206 2233 1233 2275 so

185 2333 212 2383 p.
232 2305 279 2384 to]
303 2302 390 2368 blica
416 2303 639 2368 moderantem
666 2324 795 2367 cursum
822 2306 920 2387 atque
943 2303 978 2367 in
997 2301 1002 2385 l
1023 2324 1091 2389 sua,
1103 2307 1192 2388 pote

185 2396 271 2457 state
293 2392 487 2457 retinentem
508 2390 619 2476 magni
637 2391 803 2456 cuiusdam
822 2391 901 2456 ciris
921 2394 954 2456 et
972 2391 1073 2457 divini
1090 2413 1192 2476 paene

186 2485 236 2546 est
259 2481 330 2545 viri.
368 2480 483 2563 ltaque
508 2482 659 2563 quartum
677 2479 839 2564 quoddam
858 2501 960 2632 qenus
977 2479 1025 2545 rei
1043 2480 1192 2565 publicas

185 2569 325 2634 maxime
348 2567 550 2652 probandum
569 2588 639 2633 esse
658 2568 772 2651 sentio,
796 2589 858 2652 quo
900 2571 1006 2633 estex
1025 2568 1086 2653 his,
1110 2590 1192 2653 quae

185 2659 292 2744 prima
315 2656 390 2739 dixi,
413 2656 616 2722 moderatum
638 2660 671 2721 et
693 2657 889 2740 permixtum
912 2655 1026 2722 tribus.
1207 2674 1234 2717 ss

132 2716 176 2843 ᾗ)
251 2746 314 2811 Hic
333 2744 476 2810 Laelius:
500 2742 571 2810 Scio
594 2745 656 2810 tibi
678 2745 726 2809 ita
748 2745 883 2830 placere,
907 2743 1073 2829 Africane3
1097 2767 1192 2832 saepe

187 2836 272 2901 enim
295 2856 334 2900 eu
356 2838 390 2899 te
413 2833 535 2916 audivi3
562 2833 619 2898 sed
641 2836 765 2918 tamen,
787 2833 851 2898 nisi
874 2834 1048 2898 molestum
1072 2840 1131 2918 est,
1153 2856 1192 2899 ex

186 2925 293 2989 tribus
315 2923 388 2988 istis
411 2921 516 2988 modis
539 2943 648 2986 rerum
668 2922 871 3007 publicarum
890 2921 987 2986 velim
1006 2922 1088 2987 scire
1106 2921 1192 3006 quod

187 3014 347 3098 optimum
361 3010 490 3077 iudices.
513 3009 599 3074 Nam
612 3010 665 3075 vel
679 3010 838 3095 profuerit
853 3010 983 3095 aliquod
996 3010 1038 3075 ad
1052 3031 1141 3097 cog..
1155 3059 1164 3078 .
1178 3061 1186 3078 .

437 3150 675 3232 [Desideraatur
690 3152 828 3235 popinae
849 3153 948 3233 duaa]

134 3240 176 3365 {3⁷1
189 3305 216 3356 p.
236 3278 284 3358 51]
359 3279 474 3340 ....et
501 3274 578 3339 talis
603 3279 653 3339 est
676 3296 820 3359 quaeque
842 3297 894 3340 res
917 3275 1061 3360 publica,
1087 3275 1193 3360 qualis
1207 3293 1234 3336 so

189 3364 257 3429 eius
282 3367 339 3429 aut
361 3367 479 3428 natura
502 3367 558 3428 aut
581 3363 742 3447 voluntas,
765 3363 821 3447 qui
838 3363 931 3428 illam
948 3364 1042 3449 regit.
1078 3363 1193 3450 Itaque

187 3453 279 3517 nulls
311 3452 376 3516 alia
405 3453 440 3516 in
472 3451 617 3534 civitate,
649 3450 711 3514 nisi
742 3450 776 3515 in
807 3473 871 3534 qua
901 3451 1015 3536 populi
1046 3456 1193 3537 potestas

189 3562 315 3604 summa
334 3544 394 3623 est,
415 3540 519 3605 ullum
538 3537 736 3605 domicilium
754 3538 889 3603 libertas
907 3538 1021 3623 habet3
1044 3561 1108 3624 qua
1126 3542 1193 3626 qui·
