2652 3908
186 198 248 264 132
490 197 541 252 DE
558 197 711 253 NATURA
728 196 882 253 DEORUM
972 238 974 241 ψ

182 344 340 410 habemus
380 342 502 409 bonurn
528 346 638 408 autem
664 341 826 408 rationem
853 345 910 408 eut
937 364 1004 410 non
1030 343 1150 410 bonam
1173 367 1194 410 s

181 432 286 498 nobis.
317 394 394 497 lion
407 431 503 516 enirn,
519 433 559 497 ut
576 430 811 517 patrimonium
824 428 1028 518 relinquitur,
1046 431 1094 499 sic
1106 433 1192 498 ratio

182 524 233 587 est
248 521 374 587 homini
386 519 543 587 beneficio
557 519 690 585 deorum
704 520 790 585 duta.
817 518 902 596 Quid
914 520 1001 586 enirn
1014 521 1124 606 potius
1137 521 1193 587 ho

183 609 326 675 minibus
344 609 519 693 dedissent
540 607 569 673 si
585 608 627 673 iis
644 629 761 675 nocere
774 608 977 675 uoluissent?
1006 608 1193 677 Iniustitiae

183 702 302 783 sutem
324 697 604 782 intemperantiae,
625 696 814 762 timiditatis
832 719 914 782 quae
933 698 1058 764 sermm
1073 703 1193 784 essent,
1220 717 1234 757 s

130 786 214 853 tesi
230 785 285 852 his
301 785 391 851 vitiis
405 786 491 852 ratio
505 807 572 851 non
585 785 756 852 subesset?
787 784 1011 886 Med-eomodo
1025 791 1059 852 et
1072 787 1193 853 Atreus

183 873 523 942 commemorabantur
548 896 569 940 a
594 874 704 959 nobis,
735 874 884 941 heroicae
910 896 1080 961 monae,
1111 875 1195 941 inita

131 977 164 1026 72
184 964 407 1048 subductaque
424 963 552 1029 ratione
569 963 697 1028 neisria
712 962 836 1029 coclers
853 963 1056 1029 meditantes.
1088 963 1194 1041 Quid?

183 1052 335 1118 levitetes
362 1051 504 1119 comicae
526 1073 684 1137 parumne
709 1072 837 1138 semper
858 1051 894 1117 in
915 1052 1042 1118 ratione
1064 1075 1194 1119 versan-

183 1141 260 1206 tur?
283 1161 441 1227 purumne
463 1140 630 1206 subtiliter
651 1139 799 1226 disputet
819 1140 878 1206 ille
899 1139 935 1206 in
956 1140 1136 1208 Eunucho?
1209 1159 1235 1198 1⁰

217 1298 219 1301 v
250 1244 348 1321 Quid
370 1243 496 1332 igitur
517 1245 684 1312 faciam?
706 1295 867 1311 ......
942 1271 1110 1293 -w

250 1334 443 1420 Exclusit,
469 1339 643 1418 revocat3
669 1334 843 1400 re'deum?
870 1355 959 1421 non,
973 1335 1035 1490 :eic
1038 1358 1103 1490 rudi
1131 1337 1195 1402 ob-

184 1529 246 1597 Ille
271 1552 350 1598 vero
377 1529 412 1596 in
437 1527 640 1615 Synephebis
668 1528 937 1596 Academicorum
963 1552 1053 1596 more
1082 1535 1196 1596 eontra

185 1642 388 1687 communem
402 1618 587 1706 opinionem
600 1639 667 1683 non
681 1617 811 1683 dubitat
824 1640 971 1706 pugnare
984 1619 1121 1704 ratione,
1140 1620 1196 1705 qui

186 1708 240 1775 ‘in
258 1729 386 1775 amore
404 1729 548 1774 summo
568 1728 789 1793 summaque
807 1707 943 1793 inopia
960 1729 1077 1774 suave
1097 1708 1236 1774 esse'15

186 1798 264 1864 dicit

122 1888 124 1893 ¹
251 1903 458 1969 Parentem
479 1901 621 1966 habere
645 1901 816 1985 aratrum,
838 1899 1066 1986 inlepidum,
1088 1902 1128 1967 in
1150 1901 1196 1968 li·

252 2076 487 2162 Difficilem,
509 2078 574 2163 qui
596 2081 634 2143 te
655 2079 723 2143 neo
746 2081 848 2143 amet
869 2099 938 2143 nee
955 1989 1112 2143 stlllll
1129 2080 1196 2145 tui.

135 2216 168 2268 ⁷8
187 2205 298 2289 Atque
320 2203 396 2268 huie
418 2201 601 2268 incredibili
619 2202 800 2267 sententies
817 2200 1017 2266 ratiunculas
1035 2204 1196 2288 suggerit:

26 2297 174 2434 μηθ’·
254 2311 332 2375 Aut
356 2313 401 2374 tu
427 2306 540 2373 illum
561 2307 693 2373 fructu
715 2305 834 2371 iillas
858 2310 924 2372 aut
944 2328 1013 2393 per
1035 2305 1236 2374 litterano

255 2401 421 2465 Avertas
445 2376 761 2491 aliqurffl'sjmen
784 2397 850 2459 aut
871 2416 939 2481 per
961 2396 1156 2462 servolum

253 2485 457 2554 Percdtias
480 2485 673 2571 pavidum,
695 2484 894 2569 postremo
913 2504 934 2549 u
950 2486 1067 2568 pared
1085 2492 1197 2571 patre

254 2576 362 2655 Quod
385 2578 527 2658 silmas,
550 2576 694 2659 quanto
718 2570 888 2658 dissipes
909 2569 1114 2640 libentius!

187 2702 341 2789 Idemque
372 2699 503 2767 facilem
535 2701 568 2763 et
599 2695 769 2763 liberalem
799 2699 929 2783 patrem
957 2696 1198 2772 incommodum

188 2814 259 2859 esse
283 2787 406 2856 amenti
427 2787 497 2852 filio
521 2780 677 2872 disputat,
1212 2804 1237 2845 ss

255 2913 370 2990 Quem
391 2913 517 2995 neque
538 2931 612 2994 quo
628 2912 743 2995 pacto
760 2868 896 3029 “lm
913 2930 982 2975 nec
999 2874 1197 2996 quidinde

255 3088 335 3156 Nee
352 3089 463 3174 quem
480 3048 611 3154 dolum
629 3085 675 3151 ad
692 3107 775 3151 eum
794 3088 860 3151 aut
873 2999 1198 3189 meddldlhmcom-

256 3261 344 3330 Seio
371 3262 589 3349 quicquam3
615 3263 825 3329 itacrnnes
848 3175 1110 3365 meosndhlbas?
1126 3262 1199 3329 ial-

257 3437 550 3525 Prsestrigias
595 3437 881 3525 praestrinxit
925 3353 1199 3595 cehllplbsditis

466 3547 598 3567 “ff
973 3551 1021 3613 pu
1047 3551 1111 3597 rus.
