2652 3920
359 205 427 263 ΜΒ.
446 206 468 263 1.
492 205 568 263 cAP.
587 213 702 264 se-sa.
725 210 874 271 ,see-aa.
963 287 966 295 Ι
1064 206 1127 271 179

116 352 188 419 filio
212 352 253 418 ad
271 350 404 418 Troiam
425 344 644 437 proficiscenti
666 353 806 416 mortem
827 351 1026 437 praedixisse
1046 374 1130 419 com·

120 441 303 507 memorat?
335 438 476 506 Omnino
500 438 585 525 apud
603 442 738 524 veteres,
762 438 818 526 qui
836 460 945 505 rerum
963 441 1131 526 potieban-

120 535 183 614 tur,
205 529 304 594 iidem
326 528 464 681 αηέιπία
485 529 655 612 tenebant,
676 532 715 593 ut
737 527 823 593 enim
841 549 964 614 sapere,
987 529 1035 595 sic
1053 529 1131 594 divi·

120 640 199 683 nare
227 617 339 704 regale
390 616 538 682 ucebant.
583 614 691 681 Testis
719 619 770 682 est
795 620 910 683 nestra
936 617 1067 702 civitas,
1096 617 1131 682 in

81 725 107 766 '⁶
121 709 247 861 ‘ills‘
263 726 380 860 ,tta
395 705 1132 861 tt‘ttltt‘ttlthfflitaut

121 817 281 949 rexerurit.
326 881 439 966 anue
470 817 705 947 diiinationum
737 814 823 948 rasso
852 904 893 948 ne
919 882 955 948 in
980 843 1184 969 barbaris‘ii

122 971 251 1056 quidem
279 971 432 1059 gentibus
459 970 609 1056 neglecta
636 973 699 1055 est,
727 970 886 1056 siquidem
909 970 1000 1037 etin
1022 969 1132 1039 Gallia

121 1059 264 1125 Druidae
287 1062 372 1144 sunt,
395 1080 413 1124 e
431 1058 549 1144 quihus
567 1058 638 1144 ipse
656 1057 856 1125 Divitiacum
873 1058 1053 1145 Haeduum,
1076 1058 1132 1126 ho

83 1167 109 1208 ιο
123 1149 242 1235 spitem
265 1151 358 1214 tuum
381 1147 660 1232 laudatoremque,
686 1148 837 1234 cognovi,
861 1148 917 1233 qui
940 1153 973 1214 et
994 1152 1132 1215 naturae

122 1237 291 1320 rationem,
315 1258 414 1321 quam
436 1239 659 1320 φυσιολογίαν
680 1234 796 1302 Graeci
818 1237 997 1322 appellant,
1019 1240 1132 1303 notam

123 1347 194 1391 esse
217 1324 280 1390 sibi
301 1324 516 1410 profitebatur
538 1327 573 1389 et
594 1322 716 1410 partim
739 1326 893 1411 auguriis,
915 1325 1036 1411 partim
1060 1346 1131 1392 oon·
1193 1332 1195 1337 '

122 1415 259 1497 iectura,
283 1435 365 1498 quae
388 1416 498 1478 essent
519 1410 645 1498 futura,
668 1412 811 1498 dicebat,
834 1417 868 1478 et
890 1413 925 1478 in
945 1412 1055 1479 Persis
1079 1435 1133 1479 au·

123 1506 283 1589 gurantur
306 1505 339 1567 et
361 1501 509 1567 divinant
531 1500 634 1588 magi,
657 1500 713 1586 qui
735 1505 976 1588 congregantur
998 1502 1033 1567 in
1054 1501 1131 1567 fano

83 1609 110 1652 ιο
123 1590 363 1657 commentandi
385 1610 483 1656 causa
506 1592 604 1674 atque
626 1592 712 1654 inter
734 1611 769 1655 se
791 1590 1019 1674 conloquendi,
1047 1590 1132 1676 quod

123 1679 223 1745 etiam
250 1679 335 1745 idem
358 1700 417 1744 vos
440 1679 603 1762 quondam
624 1677 731 1743 faeere
749 1675 854 1744 Nonis
877 1678 1047 1763 solebatis3
1073 1699 1133 1744 nec
1151 1694 1184 1743 91

124 1768 296 1853 quisquam
326 1788 383 1832 rex
409 1766 584 1832 Persarum
615 1769 727 1851 potest
760 1787 844 1852 esse,
876 1766 933 1851 qui
963 1788 1030 1833 non
1057 1771 1132 1832 ante

123 1876 296 1942 magorum
323 1854 528 1941 disciplinam
555 1855 789 1939 scientiamque
815 1854 1005 1940 perceperit.
1041 1854 1133 1921 Licet

125 1948 234 2010 autem
265 1943 373 2009 videre
404 1948 437 2008 et
469 1964 589 2030 genera
621 1943 779 2029 quaedam
812 1946 846 2009 et
876 1943 1025 2009 nationes
1058 1943 1133 2009 huic

84 2033 279 2099 rescientiae
298 2032 431 2097 deditas.
467 2031 651 2097 Telmessus
670 2032 705 2097 in
720 2030 818 2097 Caria
835 2036 895 2117 est,
919 2054 983 2116 qua
1000 2032 1035 2096 in
1052 2032 1133 2098 urhe

125 2121 255 2188 excellit
280 2121 490 2206 haruspicum
513 2120 698 2206 disciplina3
724 2120 868 2205 itemque
890 2119 962 2187 Elis
985 2120 1019 2185 in
1041 2119 1134 2186 Pelo-

124 2231 268 2296 ponneso
290 2209 434 2276 familias
457 2208 537 2275 duaa
556 2212 661 2274 certas
679 2209 789 2294 habet,
810 2208 1008 2274 Iamidarum
1026 2231 1133 2293 unam,

125 2299 263 2364 alteram
286 2297 499 2381 Clutidarum,
520 2296 748 2382 haruspicinae
769 2297 944 2364 nobilitate
965 2302 1132 2383 praestan-

123 2391 183 2454 tes.
218 2387 258 2453 In
282 2383 376 2471 Syria
398 2384 554 2452 Chaldaei
577 2386 763 2472 cognitione
787 2389 950 2452 astrorum
974 2386 1131 2451 sollertia·

11 2492 12 2501 ¹
84 2494 111 2536 aa
126 2497 188 2560 quc
214 2475 418 2561 ingeniorum
441 2474 648 2540 antecellunt.
693 2473 828 2540 Etruria
850 2478 959 2540 autem
982 2474 1021 2539 de
1044 2476 1133 2540 caelo
1153 2490 1186 2539 ca

125 2567 215 2629 tacta
252 2563 477 2629 scientissume
509 2562 739 2641 animadvertit
771 2563 946 2648 eademque
978 2562 1134 2648 interprc

126 2654 224 2733 tatur,
248 2650 324 2735 quid
348 2651 528 2736 quibusque
551 2651 741 2716 ostendatur
763 2651 919 2717 monstris
942 2654 1040 2735 atque
1062 2671 1135 2737 por·

126 2738 235 2804 tentis.
276 2737 433 2815 Quocirca
458 2739 540 2805 bene
569 2739 653 2824 apud
680 2740 820 2831 maiores
846 2743 978 2806 nostros
1002 2742 1134 2804 senatus

127 2832 207 2912 tum,
226 2848 299 2893 cum
317 2827 454 2893 florebat
471 2827 652 2912 imperium,
671 2827 820 2912 decrevit,
838 2831 876 2893 ut
894 2827 933 2893 de
951 2827 1135 2913 principum

84 2934 112 2976 ao
126 2915 201 2980 filiis
231 2933 256 2981 x
286 2936 325 2981 ex
355 2916 493 3002 singulis
522 2915 675 2981 Etruriae
704 2917 835 3002 populis
863 2916 898 2982 in
928 2915 1133 3002 disciplinam

124 3004 340 3088 traderentur,
356 3025 398 3069 ne
417 3025 469 3069 ars
488 3008 582 3069 tanta
600 3008 735 3090 propter
752 3005 947 3072 tenuitatem
965 3004 1133 3070 hominum

125 3116 145 3160 a
162 3091 333 3181 religionis
352 3092 546 3159 auctoritate
561 3092 774 3160 abduceretur
787 3094 828 3159 ad
842 3093 1021 3160 mercedem
1036 3097 1133 3179 atque

125 3186 305 3269 quaestum.
344 3180 493 3267 Phryges
525 3185 634 3246 autem
666 3185 700 3247 et
729 3181 859 3248 Pisidae
891 3185 926 3248 et
952 3178 1067 3248 Cilices
1100 3184 1134 3246 ct

125 3271 272 3337 malrum
298 3270 390 3336 natio
417 3270 526 3336 avium
553 3269 845 3357 significationibus
873 3269 1051 3356 plurimum
1079 3270 1134 3335 ch

84 3376 111 3418 as
125 3362 319 3444 temperant,
337 3358 423 3446 quod
440 3358 525 3424 idem
538 3357 725 3425 factitatum
739 3359 774 3425 in
787 3358 926 3426 Umbria
941 3358 1132 3444 accepimus.

191 3447 241 3514 Ac
262 3446 344 3513 mihi
366 3442 496 3534 quidem
513 3445 664 3515 videntur
682 3470 700 3513 e
717 3447 799 3514 locis
818 3469 944 3535 quoque
962 3446 1053 3532 ipsis,
1077 3446 1132 3530 qui
1142 3416 1185 3541 ἒξ

125 3558 146 3604 a
168 3537 347 3622 quibusque
369 3535 609 3622 incolebantur,
632 3535 868 3602 divinationum
891 3535 1132 3622 oportunitates

866 3639 920 3693 ra*
