2652 3920
406 145 515 203 LIB..1.
539 146 615 202 GAP.
634 153 730 204 8-11.
753 151 769 214 a
789 153 900 202 14-18.
1094 147 1156 212 151

149 290 310 355 rationem
338 312 445 374 quam.
460 289 617 375 habeant,
642 311 709 356 non
731 291 814 358 satis
837 291 1012 377 perspicio3
1034 291 1103 358 vim
1124 295 1158 357 et

149 385 301 444 eventum
325 399 481 464 agnosco,
509 379 589 463 scio,
613 378 767 465 adprobo.
812 377 982 464 Similiter,
1006 380 1083 465 quid
1105 379 1158 445 fis·

149 489 222 532 sum
252 466 293 532 in,
311 466 408 551 extis,
439 466 516 551 quid
538 467 622 532 fibra
644 468 766 552 valeat,
794 469 929 554 accipio3
957 490 1038 552 quae
1061 480 1159 535 causa

150 556 203 639 sit,
220 555 340 622 neseio.
375 555 486 639 Atque
503 554 621 621 horum
641 555 770 640 quidem
787 556 885 642 plena
902 557 972 622 rita
987 559 1051 642 est3
1074 557 1157 623 extis

122 644 237 709 renim
260 665 372 710 omnes
394 642 463 708 fere
483 647 629 710 utuntur.
670 643 775 720 Quid?
797 644 837 711 de
858 644 1026 731 fulgurum
1047 645 1082 711 vi
1104 645 1159 712 du·

148 733 255 797 bitare
277 754 357 797 num
379 732 575 817 possumus?
611 731 728 798 Nonne
751 755 825 800 cum
848 734 953 800 multa
972 734 1040 799 alia
1063 734 1158 800 mira

148 821 238 904 bilia,
260 823 333 886 tum
354 821 436 886 illud
453 820 488 886 iu
505 821 634 906 primis:
657 818 740 887 Cum
753 821 948 903 Summanus
967 822 1006 888 in
1022 822 1158 910 fastigio

148 907 237 975 Iovis
264 909 392 994 optumi
419 910 575 994 maxumi,
603 909 659 995 qui
685 914 756 976 tum
783 914 854 976 erat
877 910 1001 996 fictilis,
1027 933 1045 976 e
1067 912 1157 977 caelo

149 997 233 1063 ictus
257 1000 343 1063 esset
364 1019 424 1064 nec
445 1019 583 1083 usquam
605 997 674 1064 eius
696 998 864 1065 simulacri
886 1003 983 1085 caput
1001 999 1159 1065 invenire·

112 1105 137 1144 ιο
150 1090 214 1170 tur,
236 1085 425 1172 haruspices
447 1086 483 1151 in
501 1085 645 1152 Tiberim
667 1086 700 1152 id
723 1087 894 1172 depulsum
912 1109 982 1153 esse
1000 1087 1158 1172 dixerunt,

149 1175 245 1260 idque
258 1174 427 1240 inventum
444 1178 495 1239 est
513 1196 551 1241 eo
570 1175 651 1276 loco,
670 1174 727 1260 qui
744 1178 795 1240 est
808 1174 851 1241 ab
864 1175 1093 1261 haruspicibus
1107 1176 1158 1241 de·
1170 1228 1207 1292 ll
1244 1274 1246 1279 Ι

98 1315 101 1321 ,
150 1266 360 1330 monstratus.
392 1261 456 1328 Sed
471 1285 538 1348 quo
555 1267 664 1348 potrus
682 1266 759 1329 utar
776 1266 834 1329 aut
852 1267 985 1331 auctme
1003 1268 1060 1329 aut
1073 1268 1158 1330 teste
1177 1306 1210 1354 17

150 1374 248 1437 quam
271 1352 327 1417 te?
350 1351 441 1418 cuius
464 1351 580 1417 edidici
602 1351 703 1417 etiarn
725 1373 847 1434 versus,
871 1354 904 1417 at
922 1351 1158 1438 lubenterqui·

150 1441 242 1542 dom&
255 1462 337 1525 quos
360 1439 396 1504 in
418 1440 557 1506 seeundo
579 1441 616 1506 de
637 1440 810 1506 consulatu
828 1438 952 1505 Urania
969 1440 1064 1506 Musa
1085 1463 1158 1528 pro-

111 1533 393 1702 ¹⁵nuil'trlizdtipio
421 1616 597 1682 aetherio
624 1616 851 1683 flammatus
873 1614 1054 1702 Iuppiter
1075 1616 1158 1703 igni

194 1705 374 1770 Vertitur
392 1708 430 1770 et
447 1709 573 1770 totum
587 1705 809 1771 conlustrat
823 1704 966 1770 lumine
980 1704 1158 1770 mundum

195 1793 398 1878 Menteque
426 1793 557 1859 divina
584 1794 731 1874 caelum
753 1797 956 1878 terrasque
978 1794 1158 1878 petessit,

195 1881 296 1958 Quae
324 1881 482 1967 penitus
511 1903 646 1947 sensus
673 1882 868 1948 hominum
895 1882 1075 1965 vitasque
1102 1903 1159 1948 re·

111 2075 139 2117 2⁰
195 2057 381 2124 Aetheris
418 2059 570 2124 aeterni
602 2062 740 2145 saepta
771 2050 887 2144 atquc
918 1972 1070 2124 idildsad
1100 2080 1159 2125 ca·

194 2235 256 2320 nt,
276 2178 312 2302 ¹si
335 2236 543 2302 stellarum
566 2239 693 2313 motus
716 2169 1132 2321 cursusquevddgdsitis

195 2322 319 2390 Nosse
343 2323 458 2423 vellis,
485 2345 583 2408 quae
606 2324 686 2389 sint
709 2324 908 2423 signorum
930 2325 970 2388 in
992 2323 1159 2421 sede-lc·

138 2469 140 2475 Ι
196 2498 298 2575 Quae
328 2501 447 2597 verbo
480 2503 518 2565 et
543 2499 659 2565 falsis
687 2498 890 2566 Graiorum
916 2415 1076 2566 diffidi
1103 2522 1160 2568 er·

197 2661 249 2740 lte
270 2697 361 2741 vera
382 2681 490 2743 certo
512 2677 625 2763 lapsu
647 2676 856 2761 spatioque
878 2592 1071 2760 feruiratiii:

112 2780 138 2822 rr
197 2763 331 2829 Omnia
353 2764 429 2830 iam
450 2785 583 2831 cernes
606 2763 738 2829 divina
759 2768 885 2830 mente
907 2768 1053 2830 notata.

194 2850 289 2920 Nam
319 2851 484 2938 primum
511 2856 709 2919 astrorum
735 2852 909 2920 volucris
936 2855 974 2918 te
1001 2853 1159 2919 consule
1178 2864 1211 2916 18

194 3028 491 3116 Concursusque
522 3029 657 3116 gravis
689 3029 897 3097 stellarum
926 2944 1070 3097 maes
1092 3030 1160 3096 mi·

193 3206 248 3272 Tu
277 3228 444 3294 quoque,
471 3228 555 3273 oum
583 3205 755 3273 tumulos
782 3120 1159 3308 Albanooialurgom

193 3382 394 3451 Lustrasti
417 3386 454 3449 et
476 3348 591 3448 laeto
606 3382 793 3449 mactasti
815 3294 1114 3467 laetenfiiiiliis,

109 3487 135 3530 rr
192 3470 344 3539 Vidisti
365 3474 404 3537 et
427 3471 533 3537 claro
557 3469 747 3536 tremulos
770 3468 907 3535 ardore
929 3473 1114 3543 cometas,
