2652 3908
356 202 424 259 mn.
445 203 492 257 111.
512 203 589 259 car.
608 210 724 269 22-24„
745 211 761 272 e
780 211 893 260 ss-er.
1067 204 1127 267 127

121 342 199 410 Iove
222 348 255 411 et
272 344 469 433 Proserpina
490 351 613 432 uatum,
636 347 810 415 secundum
824 347 911 434 Nilo,
934 348 990 435 qui
1003 346 1129 434 Nysam

122 432 240 499 dicitur
262 433 475 519 interemisse,
498 436 632 502 tertium
654 435 773 504 Cabiro
796 441 899 522 patre,
922 459 1059 521 eumque
1082 459 1129 503 re

122 543 197 609 gem
220 520 319 589 Asiae
345 524 525 609 praefuisse
552 525 677 608 dicunt,
704 525 756 591 oui
779 523 916 591 Sabazia
939 530 1015 592 sunt
1037 526 1128 591 insti·

121 614 203 695 tuta,
226 615 379 697 quartum
396 610 473 679 Iove
496 617 530 679 et
547 612 648 696 Luna,
670 614 721 679 cui
745 636 837 680 saera
850 613 993 700 Orphica
1015 620 1129 700 putan-

95 702 176 764 stur
203 700 329 786 confici,
362 701 511 786 quintum
533 700 615 767 Niso
642 706 756 768 natum
784 706 817 768 et
840 701 988 788 Thyone,
1017 724 1037 769 a
1065 724 1129 786 quo

121 785 316 854 Trieterides
339 789 536 855 constitutae
558 793 724 875 putantur.
768 789 879 856 Venus
901 792 1008 876 prima
1030 788 1129 856 Caelo
1149 802 1182 853 os

121 879 155 941 et
181 874 243 941 Die
273 880 367 961 nata,
398 878 488 944 cuius
514 877 609 943 Elide
641 877 811 945 delubrum
840 879 993 963 vidimus,
1025 879 1129 945 altera

72 983 79 995 ·
122 986 238 1050 spuma
264 969 448 1051 procreata,
475 988 514 1033 ex
542 987 606 1051 qua
628 970 663 1032 et
684 966 844 1034 Mercurio
866 965 1059 1052 Cupidinem
1083 989 1130 1032 se·

123 1053 263 1118 eundum
283 1058 398 1120 natum
421 1054 612 1141 accepimus,
636 1056 735 1121 tertia
751 1053 836 1122 'Iove
856 1059 935 1121 nata
958 1060 992 1122 et
1013 1055 1131 1137 Diona,

86 1157 111 1197 1⁰
125 1162 206 1226 quae
232 1142 346 1228 nupsit
367 1142 528 1228 Volcano,
558 1144 615 1210 sed
637 1165 676 1208 ex
699 1165 738 1209 ea
760 1148 793 1210 et
816 1143 922 1210 Marte
943 1142 1041 1210 natus
1064 1143 1129 1208 An-

122 1233 210 1296 teros
238 1229 368 1316 dicitur,
396 1236 514 1316 quarta
537 1229 631 1317 Syria
653 1230 824 1318 Cyproque
851 1236 1019 1317 concepta,
1047 1240 1129 1317 quae

123 1317 256 1384 Astarte
279 1324 423 1405 vocatur,
447 1341 544 1405 quam
559 1320 702 1386 Adonidi
719 1321 869 1407 nupsisse
886 1321 1051 1406 proditum
1070 1325 1129 1384 est.

121 1406 269 1473 Minerva
296 1408 416 1494 prima,
430 1448 433 1454 -
446 1428 548 1492 quam
567 1408 731 1494 Apollinis
759 1413 898 1474 matrem
926 1419 1025 1494 supra
1052 1409 1127 1472 dixi·

123 1517 205 1579 mus,
230 1496 371 1562 secunda
393 1500 467 1562 orta
484 1495 572 1579 Nilo,
595 1518 692 1581 quam
711 1497 867 1583 Aegyptii
881 1495 991 1562 Saitae
1009 1497 1130 1580 colunt,

84 1598 109 1640 1⁵
123 1583 223 1649 tertia
252 1583 324 1670 illa,
355 1606 453 1670 quam
484 1607 504 1650 a
529 1584 607 1652 Iove
639 1590 828 1671 generatam
854 1607 955 1670 supra
981 1585 1129 1667 diximus,

123 1677 241 1758 quarta
263 1671 340 1739 Iove
361 1678 442 1739 nata
463 1677 498 1739 et
520 1671 683 1759 Coryphe,
706 1673 825 1740 Oceani
847 1673 926 1758 filia,
950 1695 1047 1758 quam
1072 1672 1130 1738 Ar·

123 1761 218 1826 cades
243 1764 277 1826 K
277 1765 374 1843 ορίαν
401 1762 572 1827 nominant
599 1766 633 1827 et
659 1762 891 1849 quadrigarum
918 1761 1130 1826 inventricem

121 1847 241 1932 ferunt,
255 1849 368 1933 quinta
376 1849 547 1935 Pallantis,
561 1872 644 1935 quae
657 1854 784 1937 patrem
799 1849 916 1916 dicitur
928 1850 1130 1915 interemisse

123 1937 346 2024 virginitatem
378 1960 471 2005 suam
503 1938 625 2005 violare
657 1942 842 2022 conantem,
874 1939 926 2005 oui
957 1938 1131 2025 pinnarum

84 2026 243 2092 ”talaria
270 2026 425 2115 adfigunt.
475 2026 600 2115 Cupido
626 2028 751 2112 primus
778 2026 937 2093 Mercurio
965 2031 999 2092 et
1024 2025 1185 2091 Dionaeo

122 2114 230 2199 prima
250 2119 348 2181 natus
372 2116 498 2200 dicitur,
520 2116 678 2182 secundus
700 2115 861 2181 Mercurio
884 2120 918 2181 et
935 2114 1062 2180 Venere
1085 2136 1132 2179 se

123 2203 236 2290 cunda,
258 2203 385 2289 tertius,
408 2204 463 2290 qui
485 2203 571 2270 idem
592 2208 643 2270 est
661 2205 813 2290 AnteroS,
834 2203 941 2270 Marte
959 2207 993 2268 et
1005 2202 1131 2268 Venere

123 2292 230 2358 tertia.
275 2293 384 2377 Atque
409 2292 489 2359 haec
512 2293 641 2378 quidem
665 2292 793 2377 aliaque
816 2292 884 2358 eius
908 2291 996 2357 modi
1019 2313 1058 2357 ex
1080 2313 1131 2356 ve·

123 2384 192 2446 tere
220 2378 374 2447 Graeciae
406 2380 495 2446 fama
526 2381 665 2447 collecta
695 2384 784 2465 sunt,
818 2381 934 2464 quibus
966 2380 1130 2465 intellegis

83 2480 110 2524 ²⁶
124 2468 339 2535 resistendum
362 2490 446 2552 esse,
474 2490 515 2534 ne
537 2470 770 2556 perturbentur
792 2470 975 2555 religiones.
1020 2467 1132 2533 Vestri

125 2561 235 2622 autem
265 2579 332 2622 non
363 2557 470 2649 modo,
490 2557 571 2624 haec
599 2579 666 2624 non
695 2557 861 2640 refellunt,
892 2579 1005 2623 verum
1032 2556 1131 2622 etiam

125 2644 319 2710 confirmant
340 2644 374 2711 in
391 2646 598 2731 erpretando,
621 2667 775 2730 quorsum
798 2646 939 2730 quidque
960 2644 1130 2730 pertineat.

126 2729 189 2798 Sed
211 2755 248 2799 co
272 2733 347 2819 iam,
369 2734 453 2799 unde
475 2734 538 2800 huo
561 2734 700 2820 digressi
722 2754 843 2818 sumus,
865 2736 1075 2799 revertamur.
1163 2781 1184 2844 4

192 2819 280 2885 Num
303 2842 413 2887 censes
435 2822 537 2908 igitur
560 2822 732 2888 subtiliore
754 2822 881 2888 ratione
900 2843 982 2907 opus
1001 2842 1071 2887 esse
1090 2821 1132 2887 ad
1151 2860 1183 2908 ,51

84 2907 205 2975 whaeo
227 2907 426 2976 refellenda?
471 2909 557 2976 Nam
579 2915 734 2995 mentem,
761 2911 871 2995 fidem,
899 2931 1005 2996 spem,
1032 2909 1125 2975 virtu·

125 3001 201 3082 tem,
223 2998 389 3083 honorem,
412 2997 591 3084 victoriam,
614 3000 763 3083 salutem,
785 2999 989 3066 concordiam
1013 3000 1131 3064 cetera·

126 3108 187 3171 que
206 3086 275 3152 eius
294 3086 382 3154 modi
399 3109 507 3153 rerum
524 3089 591 3154 vim
603 3088 724 3155 habere
737 3088 893 3172 ridemus,
910 3109 977 3153 non
990 3087 1131 3154 deorum.

124 3172 193 3240 Aut
215 3175 300 3241 enim
323 3175 358 3240 in
380 3174 543 3242 nobismet
565 3177 676 3242 insunt
697 3175 787 3262 ipsis,
809 3181 847 3243 ut
865 3197 966 3259 mens,
988 3179 1026 3243 ut
1048 3197 1132 3262 spes,

124 3266 162 3328 ut
183 3263 278 3347 fides,
304 3268 342 3330 ut
365 3264 483 3349 virtus,
505 3267 544 3330 ut
566 3265 750 3348 concordia,
773 3269 830 3331 aut
853 3264 1014 3353 optandae
1036 3265 1132 3331 nobis

83 3364 110 3407 ⁸⁶
125 3355 214 3435 sunt,
241 3354 280 3417 ut
300 3350 419 3437 honos,
442 3356 480 3419 ut
502 3353 603 3439 salus,
625 3358 663 3419 ut
685 3353 836 3438 victoria3
865 3375 1002 3438 quarum
1025 3375 1132 3419 rerum

124 3439 303 3506 utilitatem
335 3441 443 3526 video,
473 3441 567 3508 video
600 3441 700 3508 etiam
732 3446 920 3508 consecrata
946 3441 1133 3525 simulacra3

126 3549 224 3611 qnare
247 3532 356 3595 autem
380 3529 414 3594 in
436 3529 478 3595 iis
499 3529 550 3594 vis
573 3528 707 3597 deorum
730 3531 818 3614 insit,
841 3534 911 3595 tum
933 3528 1132 3614 intellegam,
