2652 3908
166 212 209 275 94
475 209 524 263 DE
543 210 694 265 NATURA
712 210 866 265 DEORUM

164 378 242 422 num
267 359 365 441 atque
388 355 621 421 abundantiam
649 356 731 421 aliae
754 356 828 421 aliis
850 356 886 420 in
908 356 988 422 loeis
1012 358 1177 442 reperiun-

164 450 227 510 tur.
273 444 460 531 Aegyptum
488 443 585 508 Nilus
616 444 740 530 inrigat
772 448 818 529 et,
850 467 923 511 cum
951 449 1023 511 tota
1051 451 1178 512 aestate

165 534 317 600 obrutam
338 534 568 619 oppletamque
590 534 705 615 tenuit,
727 536 799 598 tum
821 533 943 599 recedit
965 535 1178 620 mollitosque

165 626 199 688 et
222 623 396 688 oblimatos
424 642 521 709 agros
549 621 591 687 ad
618 622 788 687 serendum
815 621 979 707 relinquit.
1028 622 1179 709 Mesopo

164 710 301 777 tamiam
325 710 468 776 fertilem
492 709 591 776 efficit
613 711 812 796 Euphrates,
839 711 874 776 in
897 733 995 796 quam
1019 717 1101 796 quot
1123 735 1178 777 an·
1209 736 1222 774 s

164 821 224 865 nos
251 799 346 884 quasi
371 819 474 865 novos
502 818 600 884 agros
623 799 756 864 invehit.
800 798 900 865 Indus
923 821 1013 884 vero,
1047 801 1104 885 qui
1128 807 1180 865 est

165 888 310 953 omnium
337 887 506 953 fluminum
534 886 707 971 maximus,
736 909 803 953 non
830 909 915 971 aqua
942 889 1049 953 solum
1078 910 1179 976 agros

165 976 323 1042 laetificat
359 979 392 1040 et
427 976 574 1063 mitigat,
610 975 667 1041 sed
699 996 755 1041 eos
788 976 886 1040 etiam
919 979 1074 1061 conserit3
1111 1000 1180 1042 ma·

166 1085 265 1151 gnam
297 1063 382 1128 enim
414 1063 479 1129 vim
513 1063 672 1130 seminum
699 1084 808 1129 secum
834 1063 991 1130 frumenti
1019 1066 1179 1130 similium

115 1168 163 1216 131
180 1152 298 1218 dieitur
325 1153 504 1237 deportare.
549 1150 718 1236 Multaque
745 1152 812 1217 alia
833 1152 867 1216 in
891 1152 963 1217 aliis
987 1153 1067 1219 locis
1093 1176 1225 1220 com-10

165 1240 391 1307 memorabilia
423 1240 568 1326 proferre
594 1262 742 1326 possum,
772 1241 894 1306 multos
921 1241 1048 1307 fertiles
1079 1264 1179 1329 agros

114 1334 155 1398 53
166 1330 248 1395 alios
278 1329 417 1395 aliorum
444 1328 616 1395 fructuum.
661 1326 725 1394 Sed
753 1329 812 1394 illa
840 1333 962 1413 quanta
989 1330 1179 1417 benignitas

165 1422 310 1502 naturae,
334 1418 420 1502 quod
442 1422 511 1483 tam
534 1417 639 1482 multa
660 1417 701 1482 ad
719 1417 922 1502 vescendum,
944 1422 1013 1484 tam
1032 1420 1126 1484 varia
1145 1425 1180 1485 et

167 1511 235 1572 tam
262 1507 401 1572 iucunda
428 1506 549 1593 gignit,
576 1527 680 1589 neque
703 1528 742 1571 ea
764 1528 828 1572 uno
852 1510 999 1593 tempore
1022 1508 1112 1591 anni,
1140 1513 1180 1572 nt

166 1617 294 1679 semper
317 1599 350 1660 et
371 1595 518 1661 novitate
542 1594 738 1667 delectemur
761 1599 795 1660 et
817 1595 922 1680 copia!
969 1595 1074 1671 Quam
1098 1602 1180 1661 tcm-
1199 1621 1224 1658 15

166 1684 310 1770 pestivos
338 1687 447 1749 autem
476 1683 576 1767 dedit,
604 1704 701 1767 quam
729 1683 890 1748 salutares
911 1704 978 1750 non
1001 1685 1097 1749 modo
1121 1685 1180 1750 ho·

166 1773 304 1854 minum,
326 1771 383 1837 sed
405 1771 504 1837 etiam
526 1772 685 1857 pecudum
708 1772 829 1857 generi,
851 1770 891 1836 iis
916 1772 1052 1856 denique
1076 1775 1180 1838 omni-

166 1862 242 1944 bus,
269 1881 352 1944 quae
379 1858 528 1926 oriuntur
552 1863 694 1943 eterra,
721 1863 837 1926 ventos
860 1860 1004 1926 Etesias!
1038 1883 1179 1946 quorum

165 1951 246 2014 flatu
268 1947 361 2013 nimii
383 1951 608 2033 temperantur
630 1948 769 2032 calores3
797 1950 837 2014 ab
862 1949 964 2015 isdem
988 1950 1088 2014 etiam
1111 1974 1178 2016 ma·

166 2037 268 2102 ritimi
291 2058 404 2102 cursus
427 2037 547 2103 celeres
570 2040 604 2101 et
627 2038 707 2102 eerti
726 2037 925 2124 deriguntur.
961 2037 1068 2103 Multa
1085 2062 1178 2124 prae·
1195 2063 1221 2100 vc

117 2141 166 2189 132
180 2125 335 2191 tcreunda
358 2129 435 2190 sunt
459 2127 506 2207 [et
528 2129 638 2191 tamen
656 2126 761 2190 multa
780 2126 952 2208 dicuntur}
983 2126 1178 2193 Enumerari

167 2214 253 2280 enim
288 2235 355 2278 non
391 2218 529 2299 possunt
565 2214 735 2279 fluminum
772 2215 1025 2300 oportunitates,
1066 2221 1179 2281 aestus

166 2301 325 2368 maritimi
353 2303 518 2385 [inultum]
543 2302 730 2369 accedentes
758 2307 792 2368 et
819 2302 1016 2388 recedentes,
1049 2309 1178 2369 montes

166 2391 278 2457 vestiti
297 2394 394 2475 atque
413 2391 589 2476 silvestres,
612 2391 735 2456 salinae
754 2392 795 2456 ab
815 2412 873 2457 ora
892 2391 1057 2458 maritima
1074 2415 1178 2458 remo·

167 2479 322 2563 tissimae,
346 2479 654 2546 medicamentorum
676 2478 868 2544 salutarium
886 2480 1095 2565 plenissimae
1114 2485 1178 2546 ter·
1194 2505 1219 2541 as

166 2590 231 2653 rae,
254 2568 414 2635 utilitates
439 2565 575 2653 denique
598 2567 850 2633 innumerabiles
874 2568 916 2634 ad
937 2568 1060 2635 victum
1084 2571 1179 2635 etad

169 2658 270 2722 vitam
292 2657 501 2723 necessariae.
538 2656 608 2722 Iam
628 2657 691 2721 diei
708 2657 877 2740 noctisque
896 2656 1085 2723 vicissitudo
1104 2680 1179 2724 oon—

166 2749 275 2812 servat
298 2745 480 2812 animantes
503 2745 650 2810 tribuens
674 2744 763 2810 aliud
785 2745 903 2831 agendi
925 2749 1064 2831 tempus,
1088 2747 1178 2811 aliud

167 2833 360 2920 quiescendi.
419 2831 472 2899 Sic
509 2833 650 2917 undique
686 2833 775 2898 omni
810 2833 937 2899 ratione
974 2835 1179 2900 concluditur

166 2927 273 2989 mente
297 2921 497 3007 consilioque
521 2921 629 2987 divino
652 2921 761 2986 omnia
784 2922 819 2986 in
840 2920 902 2988 hoc
924 2923 1044 2987 mundo
1069 2923 1110 2988 ad
1128 2946 1178 2988 sa·
1195 2946 1220 2983 sc

166 3013 268 3077 lutem
305 3010 449 3076 omnium
481 3008 823 3095 conservationemque
855 3010 1092 3077 admirabiliter
1124 3012 1179 3077 ad-

168 3099 355 3167 ministrari.

117 3200 165 3250 133
233 3187 296 3253 Hic
323 3191 458 3272 quaeret
485 3187 661 3273 quispiam,
692 3187 860 3254 cuiusnam
887 3209 985 3254 causa
1010 3191 1180 3254 tantarum

166 3297 276 3341 rerum
312 3276 440 3342 molitio
474 3275 563 3342 faeta
594 3276 652 3359 sit3
688 3276 883 3341 arbornmne
914 3281 948 3342 et
979 3276 1178 3342 herbarum?

109 3397 115 3405 ·
168 3386 249 3465 quae
282 3385 492 3467 quamquam·
512 3364 593 3467 sine·
613 3386 711 3429 sensu
741 3367 833 3448 sunt,
867 3367 977 3430 tamen
1009 3388 1029 3431 a
1059 3369 1180 3469 natura
1195 3387 1221 3426 n
1315 3400 1316 3479 q

167 3452 950 3627 pggpeffiloAqrpqaqqpiqesmdqppurnqffl.
967 3454 1181 3608 clinnibiitiri:
