2654 3924
48 166 50 169 ’
111 192 119 210 “
176 213 242 276 254
600 213 650 266 us
669 213 762 269 suro

175 359 326 442 possunt,
348 356 418 421 ut‘
407 379 443 420 m
464 357 523 422 illo
546 357 720 443 naufrago,
743 358 811 423 ut
801 380 836 423 ιιι
858 358 982 443 Icadio,
1004 359 1074 424 ιιι
1062 382 1099 424 m
1121 359 1185 425 Da·

174 445 281 530 phita3
305 445 472 547 quaedam
485 446 586 510 etiam
604 445 798 512 Posidonius
818 445 911 533 (pace
930 448 1052 534 magist
1054 471 1083 513 ιι
1038 448 1186 513 t'dixe·

174 533 251 620 rim)
274 533 475 599 comminisci
497 534 638 618 videtur3
662 539 738 599 sunt
763 535 892 620 quidem
915 536 1064 601 absurda.
1102 535 1185 613 Quid

174 622 282 687 enim?
310 622 339 686 si
362 622 527 708 Daphitae
554 585 660 687 fatuin
686 623 750 688 fuit
778 645 816 688 ex
844 646 926 709 equo
950 625 1063 689 cadere
1087 629 1185 710 atque

172 711 221 775 ita
243 710 361 797 perire,
389 733 428 776 ex
450 710 553 776 hocne
576 733 672 796 equo,
702 712 757 796 qui
780 734 853 777 eum
877 735 978 797 equus
1000 735 1067 778 non
1090 717 1224 799 esseut

172 821 293 865 nomen
319 797 463 864 habebat
486 799 650 864 alienum?
678 803 735 865 aut
757 799 930 887 Philippus
953 801 1087 866 hasne
1077 824 1112 866 m
1135 823 1185 867 ca·

172 888 250 973 pulo
270 886 531 988 quadrigulas
500 890 548 952 ιιι
550 910 605 952 are
624 888 840 955 monebatur?
860 889 1048 974 quasivero
1068 891 1184 976 capulo

173 977 218 1041 sit
240 976 374 1041 occisus.
407 974 491 1076 Quid
509 980 619 1041 autem
633 998 790 1063 magnum
809 981 866 1043 aut
879 978 1076 1064 naufragum
1089 979 1195 1044 illum

172 1064 242 1129 sine
268 1064 399 1129 nominc
425 1064 461 1128 in
487 1065 558 1130 rivo
586 1086 657 1130 csse
685 1066 837 1169 lapsum?
869 1064 1082 1152 (quamquam
1108 1066 1184 1134 huic

174 1152 303 1237 quidem
329 1152 383 1218 hic
410 1152 524 1218 scribit
551 1153 695 1238 praedict
696 1176 752 1218 um
779 1154 814 1220 in
841 1177 926 1239 aqua
953 1177 1023 1220 csse
1051 1178 1184 1241 pereun-
1199 1176 1224 1216 ιο

173 1239 278 1329 ιιιιιιι),
308 1263 350 1306 ne
376 1240 506 1306 hercule
533 1240 634 1306 Icadii
662 1242 790 1326 quidem
817 1243 989 1328 praedonis
1016 1244 1111 1310 video
1137 1244 1184 1309 fa·

138 1334 241 1394 otum
268 1330 388 1413 ullum3
419 1329 502 1394 nihil
532 1330 617 1395 enim
645 1331 759 1400 scribit
787 1330 817 1396 ei
837 1332 1054 1435 praedictum.
1087 1331 1184 1408 Quid

171 1419 291 1489 ‚mirum
318 1417 420 1505 igitur
446 1440 485 1483 ex
513 1418 667 1504 spelunca
693 1440 807 1484 saxum
834 1420 870 1484 in
899 1442 992 1486 crura
1015 1420 1084 1486 eius
1106 1421 1182 1488 inci-

173 1508 280 1572 disse?
310 1510 390 1592 puto
421 1507 520 1591 enim,
551 1507 680 1571 etiamsi
709 1506 836 1573 Icadius
866 1512 937 1573 tum
966 1510 1002 1573 in
1029 1511 1184 1596 spelunca

170 1619 238 1661 non
259 1595 385 1680 fuisset,
409 1617 523 1660 saxum
545 1598 657 1660 tamen
679 1596 761 1660 illud
780 1618 931 1662 casurum
948 1597 1058 1663 fuisse.
1096 1598 1181 1663 Nam
1198 1621 1223 1660 ιι

171 1688 228 1749 aut
250 1684 333 1748 nihil
357 1684 488 1750 omnino
512 1687 563 1749 est
584 1684 766 1770 fortuitum,
789 1689 846 1751 aut
868 1686 931 1751 hoc
949 1686 1056 1771 ipsum
1074 1688 1183 1772 potuit

172 1773 300 1839 evenire
327 1772 468 1838 fortuna.
510 1772 636 1849 Quaero
659 1773 721 1860 igit
724 1794 761 1837 ur
785 1771 833 1860 (at
836 1796 896 1859 que
919 1773 981 1840 hoc
1004 1775 1071 1839 late
1093 1779 1182 1860 pate

171 1860 245 1964 bit),
269 1884 297 1926 sr
288 1860 377 1926 fati
396 1860 527 1927 omnino
546 1862 672 1925 nullum
690 1884 818 1947 nomen,
835 1863 928 1927 nulla
944 1867 1072 1948 natura,
1090 1865 1183 1928 nulla

171 1951 221 2015 ris
254 1954 340 2015 esset
372 1953 405 2015 et
436 1950 521 2014 forte
548 1953 670 2014 temere
697 1972 774 2016 casu
801 1955 859 2015 aut
884 1952 1040 2036 pleraque
1063 1915 1182 2017 'fierent

172 2043 229 2103 aut
256 2037 379 2123 omnia,
405 2060 484 2102 num
507 2037 617 2122 aliter,
645 2060 682 2104 ac
704 2061 790 2104 nunc
814 2040 978 2124 eveniunt,
1007 2041 1181 2105 evenirent
1196 2062 1223 2101 a>

172 2126 256 2203 Quid
275 2147 353 2212 ergo
373 2126 429 2191 adt
414 2126 498 2190 tinet
515 2125 677 2192 inculcare
695 2127 745 2191 fat
730 2130 810 2211 tum,
829 2150 902 2193 cum
920 2128 989 2193 sine
1007 2128 1056 2192 fat
1042 2131 1077 2194 ιο
1096 2129 1181 2195 ratio

132 2215 316 2337 4ιιιιιιιιιιιιι
339 2236 447 2279 rerum
462 2214 511 2282 ad
534 2218 684 2280 naturam
707 2178 912 2281 fortuiramve
936 2216 1116 2282 referatur?

137 2353 195 2405 ⁷
170 2391 219 2456 ιι
170 2301 1091 2478 tltlt333¹¹tltltltlltlttltltlt
1110 2327 1181 2461 ut

171 2480 300 2565 quidem
323 2479 465 2565 primum
488 2479 559 2544 de
548 2502 622 2567 ipsa
644 2481 837 2567 contagione
859 2503 968 2547 rerum
990 2483 1181 2567 respondea-
1196 2504 1222 2544 ιι

171 2591 255 2653 mus,
283 2567 408 2652 reliqua
430 2572 545 2654 postea
567 2591 806 2655 persequemur.
846 2569 936 2635 Inter
959 2571 1104 2636 locorum
1126 2594 1181 2636 na·

172 2662 262 2723 turus
291 2660 450 2742 quantum
472 2656 615 2741 intersit,
642 2658 802 2742 videmus3
830 2659 912 2724 alios
936 2681 1006 2724 esse
1029 2661 1181 2745 salubria,

170 2747 252 2812 alios
282 2745 482 2832 pestilentis,
509 2745 544 2810 in
572 2746 645 2811 aliis
669 2769 739 2812 esse
762 2746 938 2832 pituitosos
961 2752 995 2813 ct
1017 2750 1111 2833 quasi
1133 2771 1181 2813 re·

170 2835 359 2921 dandamis,
384 2835 420 2899 in
442 2834 515 2899 aliis
540 2835 718 2901 exsiccatos
742 2840 839 2920 atque
862 2835 986 2919 aridos3
1013 2838 1180 2921 multaque

170 2928 247 2990 sunt
269 2923 344 3007 alia,
367 2944 449 3008 quae
472 2924 558 2986 inter
580 2924 688 2988 locum
712 2927 745 2988 et
768 2925 875 2990 locum
898 2925 1075 3011 plurimum
1093 2925 1181 2991 diffe-
1194 2945 1221 2987 a

169 3016 254 3078 rant.
299 3011 477 3076 Athenist
462 3014 558 3076 tenue
581 3013 720 3097 caelum,
747 3035 786 3078 ex
810 3034 873 3096 quo
896 3013 996 3078 etiam
1020 3014 1180 3080 acutiores

169 3104 327 3186 putantur
349 3099 462 3184 Attici,
485 3121 630 3165 crassum
653 3100 782 3184 Thebis,
805 3101 916 3187 itaque
937 3101 1075 3188 pingues
1099 3102 1179 3168 The

169 3188 299 3254 bauiet
316 3189 426 3253 valent
412 3192 470 3253 t.es
503 3187 627 3254 Tamen
644 3211 748 3275 neque
767 3152 849 3255 illud
863 3194 960 3256 tenue
974 3191 1099 3256 caelum
1114 3191 1180 3255 effi-

170 3277 246 3361 ciet,
273 3281 311 3342 ut
338 3281 396 3342 aut
418 3276 580 3342 Zenonem
607 3276 680 3361 quis
708 3282 766 3342 aut
788 3278 970 3344 Arcesilam
998 3283 1055 3344 aut
1078 3280 1181 3347 Theo-

169 3327 287 3448 phrist
287 3387 342 3428 um
374 3364 498 3448 audiat,
529 3386 633 3448 neque
665 3387 823 3449 crassum,
855 3371 893 3433 ut
919 3366 1044 3432 Nemea
1069 3369 1180 3454 potius
1194 3387 1220 3429 ss

135 3464 152 3513 s
172 3474 270 3536 quam
287 3451 415 3516 Isthmo
438 3414 610 3517 vicioriam
628 3456 729 3537 petat.
765 3416 907 3558 Diiunge
926 3456 1065 3541 longius
1097 3456 1181 3532 Quid

170 3540 257 3605 enim
284 3539 347 3605 loci
374 3543 431 3604 nat
432 3562 491 3604 ura
521 3540 646 3606 adferre
668 3545 792 3629 potest,
820 3544 888 3608 ut
878 3566 914 3609 m
935 3545 1064 3630 porticu
1085 3545 1180 3612 Pom·
