2654 3912
382 184 449 240 ΜΒ.
468 186 502 240 IL
523 183 598 239 CAP.
620 190 733 239 11-13.
752 191 768 250 e
787 190 900 240 sa-us.
1075 184 1140 248 417

134 331 235 397 sacris
257 330 385 416 publice
408 328 563 416 praesint,
586 328 740 415 religioni
761 327 909 414 privatae
932 329 1013 393 satis
1036 326 1142 394 facere

133 442 200 486 non
225 419 367 505 possint;
395 418 540 485 continet
562 418 649 483 enim
671 439 740 482 rem
763 416 928 503 publicam
951 416 1087 482 consilio
1110 421 1144 481 et

135 508 329 575 auctoritate
375 507 583 593 optimatium
623 527 751 593 semper
791 504 950 591 populum
988 504 1144 592 indigere.

135 596 377 682 Disoriptioque
399 595 603 697 sacerdotum
625 595 753 661 nullum
775 594 881 660 iustae
903 593 1073 681 religionis
1092 614 1145 696 ge

109 682 703 859 ⁶ttlttfitttlnltdtt
724 683 964 856 tttltttf
984 682 1146 837 {¹3⁰in

135 862 294 949 pretanda
321 861 379 926 alii
405 861 571 948 praedicta
597 861 723 927 vatium
750 883 854 946 neque
881 860 1074 945 multorum,
1104 882 1145 925 ne

136 955 224 1017 esset
249 949 428 1034 infinitum,
453 971 557 1034 neque
579 954 678 1019 ntea
700 949 787 1035 ipsa,
810 971 892 1035 quae
916 953 1068 1035 suscepta
1089 972 1147 1035 pu·

135 1039 221 1105 blice
243 1041 361 1123 essent,
385 1037 556 1123 quisquam
580 1042 672 1103 extra
690 1038 876 1124 conlegium
892 1042 1014 1104 nosset.
1045 1036 1147 1103 Maxi·
1164 1054 1197 1104 31

99 1148 124 1187 ιο
136 1150 225 1194 mum
250 1131 360 1192 autem
383 1131 416 1193 et
434 1127 753 1212 praestantissimum
770 1127 806 1192 in
822 1149 859 1192 re
876 1127 1009 1213 publica
1026 1127 1077 1193 ius
1096 1130 1148 1192 est

137 1238 297 1303 augurum
329 1236 402 1281 cum
434 1216 629 1281 auctoritate
660 1215 878 1281 coniunctum.
926 1213 1041 1301 Neque
1069 1237 1147 1282 vero

135 1306 212 1389 hoc,
244 1304 320 1390 quia
347 1325 420 1369 sum
446 1304 516 1388 ipse
543 1326 660 1391 augur,
691 1304 740 1369 ita
767 1303 886 1389 sentio,
914 1304 970 1369 sed
998 1303 1074 1390 quia
1101 1304 1148 1370 sic

137 1393 323 1460 existimare
345 1414 405 1458 nos
429 1394 480 1457 est
501 1414 641 1459 necesse.
686 1391 771 1468 Quid
793 1392 880 1458 enim
902 1392 1007 1458 maius
1030 1396 1094 1477 est,
1120 1392 1148 1458 si

138 1484 177 1548 de
199 1483 269 1548 iure
292 1480 486 1568 quaerimus,
510 1504 608 1567 quam
630 1503 726 1567 posse
750 1503 769 1546 a
792 1480 928 1546 summis
950 1480 1096 1566 imperiis
1115 1485 1149 1547 et

98 1592 123 1631 rs
138 1571 273 1636 summis
300 1570 520 1655 potestatibus
548 1570 734 1636 comitiatus
762 1573 795 1634 et
821 1568 959 1635 concilia
981 1569 1035 1635 vel
1057 1569 1149 1634 insti·

137 1663 211 1726 tuta
242 1659 406 1724 dimittere
438 1659 491 1725 vel
523 1658 638 1724 habita
669 1658 872 1724 rescindere?
905 1657 983 1743 quid
1015 1658 1148 1745 gravius

139 1771 237 1834 quam
256 1770 325 1813 rem
345 1751 529 1833 susceptam
549 1747 665 1832 dirimi,
688 1746 717 1812 si
734 1767 818 1812 unus
838 1767 942 1831 augur
960 1744 1056 1812 ‘alio
1075 1745 1148 1813 dic'

138 1837 277 1903 dixerit?
302 1836 379 1922 quid
402 1836 662 1923 magnificentius
682 1858 779 1921 quam
797 1856 894 1920 posse
913 1835 1090 1920 decernere,
1112 1838 1150 1900 ut

137 1928 336 2014 magistratu
354 1947 389 1991 se
403 1925 554 1990 abdicent
568 1925 739 1991 consules?
758 1923 836 2009 quid
849 1923 1036 2009 religiosius
1052 1945 1150 2009 quam

98 2035 125 2075 ιο
139 2038 212 2081 cum
235 2014 371 2100 populo,
396 2036 470 2078 cum
492 2013 588 2099 plebe
612 2012 729 2098 agendi
751 2012 802 2077 ius
825 2016 883 2077 aut
905 2013 981 2077 dare
1005 2015 1151 2077 autnon

139 2104 238 2169 dare?
262 2102 361 2188 quid?
383 2101 473 2189 leges
496 2124 563 2168 non
580 2102 649 2166 iure
667 2103 802 2187 rogatas
821 2101 950 2185 tollere,
972 2102 1011 2166 ut
1028 2098 1151 2165 Titiam

139 2194 268 2259 decreto
297 2191 449 2277 conlegii,
479 2195 516 2256 ut
538 2190 647 2256 Livias
675 2188 812 2256 consilio
835 2187 981 2275 Philippi
1008 2189 1150 2255 consulis

139 2286 173 2347 et
200 2280 355 2367 auguris?
381 2279 465 2344 nihil
497 2279 597 2364 domi,
628 2278 711 2343 nihil
739 2277 876 2343 militiae
899 2299 957 2363 per
979 2278 1152 2364 magistra·

139 2376 193 2436 tus
225 2373 354 2455 gestum
390 2368 460 2434 sine
496 2390 608 2434 eorum
644 2367 838 2433 auctoritate
871 2387 967 2452 posse
1002 2367 1153 2452 cuiquam

99 2457 293 2545 reprobari?

206 2548 283 2612 Am.
310 2544 397 2632 Age,
425 2545 491 2611 iam
518 2544 584 2609 ista
610 2543 703 2610 video
730 2543 901 2628 fateorque
925 2564 995 2609 esse
1017 2565 1151 2630 magna,
1165 2514 1205 2642 ἐξ

141 2636 198 2702 sed
220 2633 323 2700 estin
341 2634 489 2720 conlegio
508 2636 617 2699 vestro
635 2633 722 2697 inter
739 2631 932 2698 Marcellum
950 2634 983 2697 et
997 2629 1152 2717 Appium,

141 2724 283 2810 optimos
307 2744 455 2810 augures,
477 2742 598 2808 magna
618 2720 777 2787 dissensio
796 2718 887 2806 (nam
906 2742 1018 2786 eorum
1037 2741 1098 2808 ego
1116 2721 1152 2786 in

141 2814 244 2879 libros
274 2809 402 2896 incidi),
434 2832 532 2896 quom
564 2810 661 2876 alteri
691 2811 819 2896 placeat
846 2808 991 2894 auspicia
1017 2808 1084 2875 ista
1111 2810 1153 2875 ad

99 2921 127 2961 so
141 2902 319 2968 utilitatem
338 2921 409 2966 esse
426 2899 475 2964 rei
492 2899 641 2984 publicae
661 2898 850 2985 composita,
869 2896 966 2963 alteri
980 2896 1153 2984 disciplina

140 2994 251 3058 vestra
278 2988 372 3076 quasi
399 2987 543 3054 divinare
569 2987 719 3053 videatur
745 3008 851 3072 posse.
895 2984 968 3051 Hac
994 2985 1152 3052 tudere

142 3100 261 3163 quaero
286 3078 363 3164 quid
386 3077 517 3142 sentias.
557 3078 606 3144 M.
628 3075 764 3164 Egone?
789 3074 1031 3159 divinationem,
1054 3097 1152 3159 quam

142 3165 258 3232 Graeci
280 3162 443 3250 μαντικήν
466 3164 644 3251 appellant,
668 3186 738 3230 esse
761 3164 877 3249 sentio,
900 3168 934 3229 et
954 3162 1050 3228 huius
1069 3162 1154 3231 hanc

141 3256 248 3341 ipsam
274 3257 416 3340 partem,
448 3276 530 3339 quae
558 3253 668 3318 estin
696 3253 811 3319 avibus
834 3252 1013 3337 ceterisque
1037 3250 1154 3339 signis·

100 3360 127 3402 as
143 3344 231 3429 [que]
248 3341 437 3428 disciplinae
450 3345 590 3407 nostrae.
614 3338 648 3407 Si
662 3342 748 3407 enim
763 3342 840 3409 deos
856 3363 927 3407 esse
941 3339 1154 3425 concedimus,

142 3454 317 3518 eorumque
345 3434 453 3496 mente
481 3430 636 3496 mundum
662 3431 747 3517 regi,
775 3433 808 3495 et
831 3429 961 3496 eosdem
983 3428 1153 3495 hominum

142 3520 309 3588 consulere
337 3518 449 3607 generi
476 3521 509 3584 et
536 3540 632 3604 posse
658 3519 754 3584 nobis
780 3518 876 3605 signa
897 3540 1007 3583 rerum
1029 3517 1154 3582 iuturu-

195 3633 250 3677 οπο.
263 3635 306 3677 rr.
320 3636 338 3676 s,
903 3628 937 3676 ar
