2654 3924
403 222 472 278 ΜΒ,
492 224 512 276 1.
534 223 609 278 CAP.
632 230 744 279 ra-aa.
763 231 778 288 ,s
797 231 910 281 ao-es.
1091 225 1153 291 287

145 389 216 433 esse
239 368 359 433 scimus
381 371 417 433 et
438 367 599 450 videmus,
623 367 651 431 si
673 367 706 432 id
730 369 879 434 effectum
903 370 960 453 sit,
983 374 1017 434 et
1039 370 1155 434 melius

6 454 8 465 ¹
143 478 204 522 nos
228 478 299 522 esse
321 457 466 521 victuros
490 461 523 521 et
545 456 683 521 beatius.

211 544 293 609 Tum
308 544 447 610 Mucius:
466 542 550 619 Quid
568 565 639 609 esse
656 544 760 633 igitur
777 566 898 630 censes,
915 545 1016 630 Laeli,
1035 510 1209 636 discen-232

6 702 11 715 κ
146 632 222 698 dum
252 634 361 717 nobis,
393 637 431 698 ut
456 630 546 698 istud
573 632 699 698 efficere
726 633 889 718 possimus
916 635 1038 720 ipsum,
1070 634 1156 719 quod

119 722 317 807 apostolas?
344 721 383 787 L.
401 721 468 788 Eas
491 721 582 803 artis,
606 743 689 806 quae
707 720 860 806 efficiant,
883 727 920 787 ut
938 723 1012 788 usui
1030 722 1155 788 civita-t‘

145 810 261 894 simus;
278 810 312 875 id
330 810 417 876 enim
435 831 506 876 esse
525 810 823 896 praeclarissimum
842 811 1020 896 sapientiae
1039 833 1156 877 munus

145 899 386 983 maximumque
408 899 540 964 virtutis
560 899 566 984 Ι
585 900 638 965 vel
662 899 890 965 documentum
907 900 960 965 vel
978 899 1025 966 of·
1048 901 1089 982 [p.
1103 916 1155 966 aro

145 987 254 1053 ficium
280 991 370 1073 puto.
415 986 519 1065 Quam
547 988 589 1054 ob
618 1009 701 1072 rem,
728 991 767 1054 ut
788 988 851 1054 hae
872 988 974 1054 feriae
995 989 1092 1055 nobis
1115 989 1156 1053 ad

145 1075 338 1142 utilissimos
369 1076 418 1142 rei
444 1077 595 1163 publicae
623 1098 788 1143 sermones
815 1076 1022 1162 potissimum
1050 1077 1156 1144 eonfe-

107 1184 132 1223 ιο
145 1168 269 1249 rantur,
291 1161 476 1250 Scipionem
498 1187 666 1252 rogemus,
692 1169 730 1230 ut
753 1165 906 1251 explicet,
929 1186 1025 1251 quem
1048 1166 1156 1231 existi-

145 1257 213 1318 met
231 1274 302 1318 asse
319 1253 482 1339 optimum
500 1257 625 1323 statum
644 1254 797 1319 civitatis.
832 1253 958 1319 Deinde
976 1254 1043 1320 alia
1060 1277 1156 1340 quae-

144 1363 266 1426 remus,
298 1342 416 1427 quibus
446 1343 587 1428 cognitis
617 1363 713 1428 spero
742 1363 803 1408 nos
831 1342 873 1407 ad
899 1343 981 1409 haec
1007 1342 1080 1429 ipsa
1102 1344 1157 1409 via·

144 1434 357 1515 perventuros
381 1452 557 1516 earumque
578 1452 687 1495 rerum
710 1431 880 1515 rationem,
904 1453 987 1515 quae
1006 1453 1092 1497 nune
1109 1432 1155 1496 in-

146 1522 245 1602 stant,
268 1519 496 1603 explieaturos.

106 1625 132 1665 e
212 1605 294 1673 oum
316 1607 350 1671 aa
373 1611 407 1673 a
428 1607 543 1672 Philus
566 1610 600 1672 a
616 1607 770 1672 Mandas
794 1611 828 1672 a
845 1607 1021 1674 Mummius
1044 1580 1209 1706 armo-23}

146 1695 223 1760 dum
246 1695 517 1780 adprobavissent.
532 1745 540 1759 .
554 1746 561 1760 .
576 1746 584 1759 .

389 1837 629 1918 [Daiaaanar
644 1839 782 1921 popinae
803 1839 905 1919 duaa]

211 1961 295 2028 Saue
325 1963 471 2028 dixerant
498 1967 635 2027 cuades
667 1960 827 2026 ‘simulat'
851 1982 910 2043 per
938 1961 1000 2040 ‘a',
1031 1962 1086 2028 hoc
1113 1969 1158 2029 est

146 2046 307 2134 ὀμοιάζει,
334 2056 371 2116 ut
391 2050 495 2117 Cicero
522 2051 560 2115 de
584 2069 618 2114 re
645 2050 783 2130 mettica:
814 2047 951 2115 Nullum
979 2054 1030 2116 est
1052 2072 1155 2116 exem·

145 2140 250 2225 plum,
277 2139 328 2205 eui
356 2138 509 2204 malimus
532 2137 728 2203 adsimulare
750 2160 821 2203 rem
843 2139 1017 2223 publicam.
1061 2139 1155 2223 (Dio-

104 2244 132 2284 2⁰
145 2231 243 2294 mutes
266 2229 316 2294 lid.
338 2228 364 2293 I
375 2249 410 2311 p.
432 2230 504 2294 365.
525 2232 571 2293 20
592 2227 692 2311 Keil.)
978 2234 981 2238 '

211 2317 259 2383 M.
283 2317 406 2383 Tullius
434 2318 472 2382 dc
497 2336 531 2381 re
546 2315 674 2398 publia
696 2314 747 2380 ld).
770 2314 807 2379 I:
840 2313 959 2399 Quare,
987 2315 1016 2380 si
1038 2316 1155 2401 placet,

145 2406 246 2471 deduc
281 2406 462 2471 orationem
493 2407 585 2469 tuam
617 2403 657 2469 de
688 2404 779 2469 caelo
812 2404 853 2469 ad
884 2404 964 2469 haee
995 2403 1155 2470 citeriora.

145 2495 285 2577 (Nouius
300 2515 336 2577 p.
358 2497 408 2560 85.
431 2500 472 2558 19
494 2498 523 2558 et
538 2513 573 2575 p.
594 2497 670 2559 289.
693 2493 739 2576 8.)

152 2603 300 2647 ...mon
318 2583 424 2648 solum
443 2582 485 2647 ob
504 2603 576 2646 eam
595 2602 726 2646 oausam
739 2580 811 2646 fieri
824 2580 923 2665 volui,
947 2581 1034 2665 quod
1052 2582 1154 2661 [paee

105 2683 131 2725 2⁵
146 2674 217 2734 erat
241 2691 379 2754 aequum
402 2670 498 2735 dere
520 2669 653 2755 publica
675 2669 882 2755 potissimum
905 2669 1085 2754 principem
1107 2669 1155 2734 rei

145 2757 295 2843 publicae
317 2758 431 2840 dicere,
454 2757 510 2822 sed
534 2758 634 2823 etiam
657 2758 744 2842 quod
766 2758 977 2822 memineram
1000 2779 1155 2843 persaepe

145 2850 179 2911 te
197 2867 271 2911 cum
283 2844 440 2911 Panaetio
460 2846 617 2912 disserere
636 2847 770 2912 solitum
789 2868 898 2912 coram
912 2844 1060 2931 Polybio,
1079 2845 1155 2911 duo

145 2935 206 2999 bus
230 2933 363 2999 Graecis
385 2934 438 2999 vel
456 2934 664 3019 peritissimis
682 2957 791 3000 rerum
809 2935 963 3017 civilium,
986 2934 1154 3018 multaque

146 3022 301 3109 colligere
330 3044 368 3087 aa
395 3022 522 3106 dooere,
551 3023 712 3108 optimum
738 3024 837 3110 longe
865 3027 989 3087 statum
1012 3022 1155 3088 civitatis

106 3128 133 3167 ³0
147 3132 217 3176 esse
254 3132 341 3194 eum,
377 3132 474 3194 quem
504 3111 644 3176 maiores
674 3112 780 3179 nostri
810 3111 906 3177 nobis
937 3111 1155 3196 reliquissent.

147 3199 217 3276 Qua
244 3199 279 3264 in
302 3199 522 3284 disputatione
545 3200 698 3283 quoniam
720 3204 758 3265 tu
777 3199 782 3283 Ι
802 3200 948 3286 paratior
970 3222 1018 3282 es,
1043 3202 1083 3281 [p.
1102 3216 1156 3265 294

145 3287 270 3372 feceris,
293 3291 331 3353 ut
353 3287 452 3352 etiam
470 3309 530 3373 pro
550 3287 601 3352 his
621 3287 734 3371 dicam,
758 3289 795 3373 si,
818 3289 856 3353 de
874 3311 910 3354 re
928 3288 1059 3374 publica
1078 3289 1155 3373 quid

146 3377 277 3461 sentias,
300 3376 481 3462 explicaris,
503 3376 600 3442 nobis
623 3380 754 3462 gratum
777 3378 936 3442 omnibus.

213 3465 296 3530 Tum
319 3465 389 3531 ille:
412 3463 487 3530 Non
510 3486 644 3550 possum
667 3464 815 3549 equidem
839 3464 942 3531 dicere
965 3487 1017 3531 me
1035 3464 1104 3531 ulla
1121 3466 1156 3530 in
1166 3444 1209 3571 ’ἐξ

106 3569 132 3611 ³⁵
146 3553 344 3640 cogitatione
367 3553 473 3620 aerius
497 3557 554 3619 aut
577 3553 766 3641 diligentius
790 3553 894 3619 solere
914 3554 1039 3620 versari
1057 3575 1154 3639 quam
