2630 3904
203 207 246 270 20
512 208 561 262 DE
579 208 731 264 NATURA
748 209 903 266 DEORUM

201 350 332 416 aionem
355 353 499 437 anquirit
521 353 649 419 animus
672 358 706 419 et
727 355 868 420 formam
891 359 925 420 et
942 356 1222 433 ritaeactionem

153 439 385 554 18mentisque
408 441 623 525 agitationem
645 442 681 508 in
703 444 771 508 deo.

149 570 183 619 46
268 528 318 594 Ac
341 528 380 596 de
400 528 508 595 forma
531 530 660 614 quidem
682 531 804 617 partim
826 536 945 598 natura
965 553 1027 598 nos
1050 533 1222 618 admonet,

201 617 324 701 partim
351 617 436 683 ratio
464 617 567 684 docet.
611 617 699 684 Nam
725 642 746 684 a
771 624 891 686 natura
917 620 1075 687 habemus
1099 643 1220 686 omnes

201 704 347 771 omnium
370 706 517 791 gentium
536 707 675 792 speciem
692 708 817 773 nullam
836 709 936 776 aliam
954 709 1019 774 nisi
1034 709 1220 774 humanam
1244 731 1255 770 1

202 792 348 877 deorum3
378 816 460 878 quae
489 795 574 860 enim
596 796 703 861 forma
725 796 791 861 alia
813 797 953 862 ocomrit
974 819 1132 881 umquam
1157 802 1220 863 aut

199 882 353 969 vigilanti
379 882 531 967 cuiquam
559 888 616 948 aut
643 883 838 951 dormienti?
884 882 947 951 Sed
968 907 1009 951 ne
1032 887 1143 951 omnia
1169 909 1220 951 re

200 976 356 1037 vocantur
387 970 428 1035 ad
459 971 582 1057 primas
613 972 779 1038 notiones:
812 973 897 1040 ratio
927 974 990 1039 hoc
1020 973 1107 1039 idem
1139 975 1219 1060 ipsa

147 1077 181 1124 47
202 1059 354 1124 declarat.
398 1058 486 1125 Nam
513 1082 587 1126 cum
614 1061 942 1146 praestantissumam
964 1066 1131 1148 naturam,
1160 1064 1217 1129 vel

200 1147 277 1231 quia
294 1148 392 1213 beata
408 1152 460 1213 est
477 1149 530 1214 vel
547 1150 625 1234 quia
642 1150 848 1235 sempiterna,
871 1150 1043 1216 convenire
1061 1151 1216 1218 videatur
1229 1173 1251 1211 1⁰
1275 1176 1277 1179 ·

200 1236 336 1300 eandem
359 1257 429 1302 esse
451 1237 718 1322 pulcherrimam,
741 1260 824 1322 quae
847 1239 1028 1324 conpositio
1046 1241 1215 1319 ¹membro

198 1346 281 1409 rum,
313 1347 395 1410 quae
426 1326 643 1391 conformatio
671 1327 948 1412 liniamentorum,
980 1349 1063 1413 quae
1094 1329 1213 1416 figura,

198 1435 282 1498 quae
318 1414 441 1499 species
477 1414 621 1480 humana
656 1421 766 1501 potest
798 1437 868 1481 essa
899 1415 1088 1502 pulchrior?
1141 1417 1212 1484 Vos

148 1571 149 1575 ,
199 1502 342 1586 quidem,
370 1501 488 1587 Lucili,
518 1503 631 1569 soletis
659 1502 749 1590 (nam
772 1502 872 1571 Cotta
898 1526 989 1570 meus
1018 1505 1115 1571 modo
1139 1506 1212 1591 hoc,

198 1590 294 1656 modo
308 1589 414 1675 illud),
431 1614 505 1657 cum
523 1592 697 1658 artificium
716 1592 872 1680 effingitis
889 1593 1112 1680 fabricamque
1132 1595 1246 1659 divi-1⁵

197 1701 288 1764 nam,
316 1702 414 1764 quam
442 1680 508 1745 sint
536 1681 645 1746 omnia
671 1682 707 1746 in
729 1681 871 1747 hominis
893 1682 1002 1769 figura
1022 1704 1090 1749 non
1112 1685 1210 1751 modo

198 1769 240 1832 ad
269 1791 376 1852 usum,
406 1791 519 1835 vorum
546 1770 647 1835 etiam
673 1770 715 1835 ad
741 1773 947 1836 venustatem
971 1775 1062 1857 apta,
1092 1771 1209 1837 descri-

146 1871 179 1920 48
198 1857 282 1921 bere.
342 1855 464 1933 Quodsi
500 1858 645 1924 omnium
681 1859 896 1924 animantium
931 1859 1073 1925 formam
1106 1861 1209 1927 vincit

198 1944 339 2011 hominis
368 1946 488 2033 figura,
521 1946 599 2014 deus
627 1950 737 2015 autem
763 1948 911 2013 animans
940 1955 1005 2033 est,
1036 1971 1076 2014 ea
1101 1950 1208 2035 figura

197 2033 344 2119 profecto
369 2041 428 2119 est,
452 2056 534 2118 quaa
556 2034 776 2120 pulcherrima
798 2037 843 2100 sit
860 2038 1018 2122 omnium3
1042 2038 1207 2122 quoniam·
1220 2059 1242 2097 2⁰

198 2144 260 2208 qua
284 2123 360 2190 deos
383 2123 590 2190 beatissimos
614 2145 684 2188 esse
707 2128 845 2209 constat,
867 2125 983 2190 beatus
1007 2131 1117 2192 autem
1137 2150 1206 2194 1111

198 2210 268 2276 sine
291 2211 413 2277 virtute
435 2233 531 2278 nemo
554 2216 666 2297 potest
687 2234 747 2278 nec
768 2213 874 2278 virtus
897 2214 966 2279 sine
989 2215 1117 2281 ratione
1135 2239 1206 2282 con-

198 2304 285 2366 stare
307 2321 367 2366 nec
389 2300 474 2366 ratio
497 2322 635 2384 usquam
656 2301 762 2366 inesse
784 2302 849 2366 nisi
871 2303 906 2366 in
927 2303 1069 2368 hominis
1091 2305 1205 2391 figura,

17 2406 18 2457 3
145 2402 178 2450 49
197 2387 340 2455 hominis
363 2410 434 2453 csse
457 2389 563 2473 specie
582 2389 659 2454 deos
678 2390 895 2456 confitendum
914 2395 973 2456 est.
1009 2390 1078 2458 Nec
1096 2398 1204 2459 tamen

17 2498 18 2515 ¹
197 2499 236 2542 ea
264 2477 386 2561 specics
413 2498 530 2561 corpus
558 2481 622 2563 est,
654 2478 711 2542 sed
738 2479 832 2563 quasi
859 2501 988 2565 corpus,
1019 2503 1079 2547 nec
1106 2483 1203 2548 babet
1216 2502 1239 2541 2⁵

17 2592 18 2633 l
147 2567 186 2632 19
198 2587 403 2652 sangumem,
432 2565 490 2630 sed
519 2566 613 2649 quasi
640 2567 838 2653 sanguinem.
888 2567 978 2634 Haec
1008 2592 1202 2656 quamquam

197 2659 231 2719 et
253 2654 386 2719 inventa
408 2658 485 2718 sunt
508 2655 633 2719 acutius
657 2660 691 2720 11
713 2655 799 2721 dicta
822 2656 975 2722 subtilius
994 2658 1036 2724 ab
1055 2659 1201 2745 Epicuro,

197 2765 296 2827 quam
317 2746 356 2808 ut
379 2741 484 2826 quivis
508 2765 547 2807 ea
569 2744 675 2826 possit
698 2766 882 2830 agnoscere,
904 2752 1015 2811 tamen
1036 2747 1140 2814 fretus
1158 2748 1201 2814 in·

196 2831 386 2917 tellegentia
414 2834 524 2897 vestra
551 2831 674 2898 dissero
700 2833 844 2918 brevius,
877 2856 976 2919 quam
1003 2858 1102 2902 causa
1124 2837 1200 2903 desi·

196 2921 298 2985 derat.
342 2918 502 3003 Epicurus
531 2925 652 3002 autem,
679 2921 735 3006 qui
762 2944 813 2987 res
841 2925 985 2989 occultas
1014 2930 1047 2990 11
1073 2926 1198 3011 ponitus
1212 2943 1235 2983 ³0

196 3008 325 3073 abditas
343 3029 411 3072 non
428 3009 524 3074 modo
542 3008 661 3073 viderit
679 3009 797 3095 animo,
818 3010 874 3075 scd
892 3012 992 3078 etiam
1010 3013 1057 3080 sic
1075 3019 1199 3098 tractet

194 3100 234 3161 ut
255 3118 364 3181 manu,
387 3096 480 3162 docet
504 3118 575 3163 eam
598 3120 669 3163 esso
691 3098 758 3162 vim
781 3103 814 3164 et
831 3104 984 3166 naturam
1002 3101 1143 3187 deorum,
1165 3109 1199 3170 ut

194 3184 336 3271 primum
357 3207 424 3251 non
447 3207 551 3268 sensu,
574 3186 632 3252 sed
654 3191 762 3252 mente
785 3194 934 3254 comatur
956 3212 1016 3256 nac
1038 3191 1198 3258 soliditate

195 3273 335 3356 quadam
366 3295 425 3340 nec
453 3274 494 3339 ad
521 3296 703 3356 numerum,
735 3280 773 3340 ut
800 3299 851 3359 aa,
881 3300 963 3362 quae
990 3279 1047 3344 1111
1070 3286 1197 3368 propter

194 3361 385 3428 firmitatem
407 3361 583 3446 στερέμνια
606 3364 764 3448 appallat3
792 3365 849 3430 sed
870 3365 1068 3453 imaginibus
1090 3369 1232 3435 simili-se

194 3449 305 3515 tudine
337 3456 371 3518 et
401 3451 596 3517 transitione
623 3454 785 3539 perceptis
812 3476 886 3520 cum
913 3456 1043 3523 infinita
1068 3458 1196 3525 simillu·
1296 3458 1297 3529 ᾗ

194 3559 321 3604 mamm
343 3540 525 3626 imaginum
546 3539 644 3605 series
663 3547 703 3605 ex
720 3541 1010 3611 innumerabilibus
1027 3545 1196 3614 individuis
1296 3558 1297 3579 ¹
