2654 3912
168 171 232 236 368
311 134 313 143 '
527 172 574 225 ou
592 172 641 226 nn
659 162 837 226 eossucs'

168 316 400 382 somniantium
422 316 693 402 philosophorum
716 338 786 382 csse
808 320 992 382 commento
1009 339 1069 383 nec
1085 316 1195 383 fabu-

168 404 218 469 las
245 405 461 489 ineredibiles‚
490 427 570 489 ques
593 405 746 491 Epicurei
774 405 934 501 derident,
962 406 1019 471 sed
1040 406 1193 491 pruden-

167 493 250 558 tium
274 494 484 559 coniecturas.
524 495 674 559 Insinnol
694 493 867 576 Sapionun
889 495 993 574 illum,
1015 497 1071 577 qui
1091 495 1192 560 Kar-

167 582 290 665 tbapiue
310 583 475 666 subiuputo
496 603 660 666 eopnomen
679 582 822 663 familiae
841 584 959 665 peperit
979 584 1192 664 Africanum,

166 670 237 736 bnic
258 670 411 753 Scipioni,
433 671 530 737 Pauli
551 672 631 753 pilio,
651 672 778 752 futuros
800 692 822 735 a
838 673 1024 754 propinquis
1045 674 1221 737 insidiass

167 764 196 825 et
218 760 329 842 fatalis
354 765 451 825 metae
472 761 654 825 denuntiare
674 760 876 839 nummulum,
904 762 985 842 quod
1005 763 1190 826 necessitate

166 868 365 913 numerorum
387 850 421 913 in
438 850 519 914 uitae
530 849 682 930 perfectae
700 853 835 930 tempora
851 854 1012 928 coartetur,
1031 850 1190 931 ponitque

167 937 258 1002 illum
284 938 395 1002 aetatis
420 957 494 1002 suae
519 938 769 1019 quinquapesimo
791 957 827 1002 ac
848 942 931 1002 sento
954 957 1039 1002 anno
1061 939 1190 1004 dnobus

167 1026 203 1090 in
224 1044 257 1091 se
277 1025 451 1091 coeuntibus
472 1027 609 1092 numeris
631 1026 802 1091 absolutam
823 1026 906 1091 caelo
923 1027 1074 1105 unimam,
1095 1027 1188 1091 unde

168 1118 330 1196 ocapuat,
360 1115 564 1193 redditurum,
595 1115 676 1197 quod
704 1119 734 1178 et
762 1115 949 1180 immortalis
975 1119 1050 1180 esset
1077 1116 1189 1180 animi
1202 1133 1231 1174 1⁰

168 1203 334 1283 mentisque
361 1203 534 1269 substantia
562 1208 591 1268 el
616 1204 688 1268 bene
714 1203 832 1268 meritis
858 1204 894 1268 de
920 1223 955 1268 re
977 1203 1103 1285 publiea
1119 1225 1187 1285 pa-

169 1291 302 1373 triaeque
327 1292 498 1357 custodibus
521 1292 609 1357 lacta
629 1292 738 1358 circuli
759 1291 861 1357 lucida
884 1311 922 1356 ac
943 1293 1075 1357 condens
1093 1291 1186 1356 bebi

169 1380 244 1443 tatio
275 1379 436 1445 deberetur.
480 1379 656 1465 (Fauonius
685 1380 839 1462 Eulopins
872 1399 978 1445 conum
1008 1382 1052 1446 ad
1081 1400 1185 1446 somn.

133 1467 250 1583 4Scr'p.
268 1489 302 1550 p.
324 1474 387 1534 401
412 1469 480 1552 Or.)

133 1598 152 1646 4
236 1558 310 1622 Non
336 1558 418 1625 nulli
443 1560 542 1623 nostri
562 1562 690 1640 propter
715 1558 869 1640 quoddam
889 1557 1182 1640 praeclarissimum
1198 1576 1224 1616 ιο

170 1647 312 1728 loquendi
330 1667 427 1729 penus
448 1653 478 1711 et
492 1652 620 1728 propter
641 1666 705 1712 non
725 1646 824 1727 nulla,
847 1666 926 1727 quoe
947 1648 1093 1712 vanata
1114 1666 1184 1711 sen·

170 1736 219 1813 tit,
246 1740 386 1802 amantes
407 1735 574 1802 Platonem
599 1736 707 1801 dicuut
732 1755 802 1799 enm
828 1735 949 1816 aliquid
968 1735 1070 1801 simile
1091 1735 1183 1801 uobis

169 1825 263 1888 etiam
284 1824 320 1890 de
337 1829 529 1891 mortanum
545 1826 763 1890 resurrectione
779 1825 915 1889 sensisse.
952 1822 1040 1904 Qrud
1056 1825 1182 1906 quidem

169 1914 214 1978 sic
236 1914 336 1996 tanpit
356 1914 392 1978 in
415 1913 503 1979 libris
519 1914 556 1978 de
573 1912 745 1994 republica
760 1912 891 1991 Tullius,
913 1915 951 1976 ul
969 1933 1044 1977 eum
1061 1912 1181 1978 lusisse

169 2000 279 2085 potius
310 2023 407 2085 quam
435 2001 566 2086 †quod
594 2001 628 2065 id
657 2022 769 2066 verum
799 2021 870 2065 esse
898 2000 1047 2066 adfirmet
1074 1999 1181 2067 dicere
1194 2019 1221 2059 20

170 2089 321 2154 voluisse.
360 2090 488 2155 Inducit
513 2091 595 2154 enim
624 2089 778 2155 bomirrem
808 2089 954 2155 revisisse
981 2095 1011 2154 et
1034 2109 1182 2156 namasse

116 2214 139 2227 ·-
170 2179 333 2260 quaedam
368 2179 447 2260 pudo
476 2178 649 2243 Platonicis
681 2177 938 2259 disputationibus
968 2179 1180 2261 componebant.

135 2266 380 2391 5(Aupustinus
401 2268 438 2332 de
459 2268 585 2370 cludet
606 2265 720 2369 ΧΧῌ
730 2265 807 2368 28.)
866 2356 872 2368 ο
1071 2356 1077 2368 ο
1114 2355 1120 2368 .
1158 2355 1164 2369 .

135 2403 152 2454 ὅ
172 2354 280 2521 tutioI,n
286 2354 860 2526 pllrbbl,veclu'rltraoeigzem01ibnbolirqyililigd
859 2360 1091 2528 fflrgmplbllt
1106 2375 1178 2509 {egig-
1190 2462 1215 2504 n

142 2582 146 2589 .
171 2534 304 2599 elusione
320 2535 488 2616 aquodam
499 2536 580 2600 uitae
592 2535 718 2612 reddito,
736 2553 831 2615 quom
842 2533 1001 2614 reliquisse
1012 2532 1177 2611 uidebatur,

171 2623 306 2688 indicari
330 2623 441 2704 faciat,
468 2623 522 2706 qui
547 2624 590 2688 sit
610 2628 773 2688 mutarum
794 2621 970 2704 corporibus
990 2625 1089 2686 status
1110 2623 1176 2686 ani·

171 2732 309 2790 murum,
339 2714 458 2778 adiecta
483 2713 619 2794 quadam
644 2711 845 2793 sphaerarum
875 2709 922 2775 nel
952 2710 1087 2775 mrum
1117 2730 1177 2774 non

172 2802 270 2866 otiosa
286 2802 492 2883 deruptione,
509 2821 614 2867 rerum
629 2801 726 2881 facies
742 2819 805 2863 non
820 2798 987 2879 dissimilia
1000 2799 1176 2881 sipuipieans

173 2911 195 2954 a
219 2890 365 2955 Tulliano
387 2888 529 2972 Scipione
549 2909 619 2971 per.
633 2890 761 2970 quietem
787 2888 848 2953 sibi
873 2889 991 2970 inposta
1016 2890 1212 2953 nauaturos

173 2978 193 3060 (
189 2978 367 3046 Macrobius
388 2980 424 3042 in
444 2999 540 3044 somn.
563 2978 644 3059 Scep.
666 2977 692 3042 I
710 2983 739 3041 1.
760 2976 809 3059 2.)

138 3037 159 3162 ἓ
240 3067 336 3132 Hunc
357 3068 495 3132 ordinem
518 3066 642 3132 Tullius
662 3086 726 3131 non
747 3067 865 3130 minore
885 3064 1001 3130 iudicio
1021 3084 1174 3132 resonam

172 3176 266 3238 quam
293 3157 414 3238 inpendo
441 3161 576 3238 repertus
603 3159 655 3220 est.
694 3154 863 3235 Postquam
889 3154 924 3219 in
950 3154 1035 3218 omni
1056 3155 1102 3219 rei
1118 3175 1174 3236 pu·

173 3245 268 3310 bluoe
289 3245 350 3309 otio
371 3263 409 3308 ac
430 3245 546 3326 nepotio
562 3244 706 3326 palmam
727 3243 865 3307 iustitiae
886 3242 1071 3323 disputando
1089 3244 1173 3322 dedit,

173 3352 278 3398 sacrus
308 3332 531 3395 immortalium
562 3334 741 3397 animarum
767 3331 850 3396 sedes
875 3335 904 3395 et
928 3331 1101 3396 caelestirnn
1125 3347 1209 3396 ar-ss

173 3441 253 3484 cona
278 3421 437 3500 repionum
463 3421 588 3502 inipso
610 3419 813 3485 corrsrcmmuti
835 3419 935 3501 operis
954 3418 1080 3500 sastipio
1103 3420 1173 3484 loca

172 3509 218 3571 uit
243 3509 398 3585 indicans,
424 3527 484 3589 quo
510 3508 560 3574 bis
580 3508 818 3591 pemeniendum
844 3506 891 3572 rel
906 3507 1013 3588 potius
1034 3512 1173 3603 euertere
