2654 3924
366 212 435 268 ΜΒ.
455 214 489 267 11.
514 212 590 267 CAP.
611 221 724 269 17-20.
747 219 762 279 e
781 221 895 269 31-ee.
1065 214 1129 278 317

122 356 295 442 disciplina
323 356 449 422 doctior
475 356 564 422 facta
591 379 661 423 esse
688 357 813 424 civitas.
857 356 990 422 Influxit
1017 360 1058 441 [p
1080 374 1131 424 m

123 445 209 510 euim
236 467 304 510 non
332 446 440 510 tenuis
468 445 599 530 quidam
626 468 644 510 e
671 444 808 511 Graecia
834 446 959 511 rivulus
985 445 1021 510 in
1047 448 1132 512 hano

122 533 245 616 urbem,
268 532 324 598 sed
347 532 646 599 abundantissimus
669 533 774 599 amnis
796 534 927 599 illarum
949 534 1132 620 disciplina-

122 644 196 686 rum
223 624 257 686 et
279 621 409 687 artium.
452 620 567 687 Fuisse
591 622 677 688 enim
700 622 860 708 quendam
882 622 993 687 ferunt
1015 622 1133 688 Dema·

94 713 231 775 aratum
245 708 450 775 Corinthium
473 715 507 776 et
528 710 651 776 honore
675 715 708 776 et
727 711 922 777 auctoritate
940 715 973 775 et
990 710 1132 776 fortunis

122 797 217 864 facile
240 798 384 864 civitatis
407 820 484 864 suae
502 799 697 885 principem3
721 799 778 885 qui
800 822 873 865 oum
887 797 1132 865 Corinthiorum

122 890 298 972 tyrannum
320 885 496 972 Cypselum
518 886 604 952 ferre
626 909 692 953 non
714 888 889 973 potuisset,
911 887 1037 975 fugisse
1059 910 1133 953 oum

123 971 252 1063 maglna
265 976 403 1060 pecunia
416 975 533 1041 dicitas
545 998 583 1041 aa
592 997 627 1041 se
636 976 812 1042 contulisse
821 976 1132 1062 Tarqmnios,[p.1u

122 1064 157 1128 in
184 1063 300 1128 urbem
325 1063 478 1129 Etruriae
506 1063 780 1129 florentissimam.
830 1064 975 1151 Cumque
1005 1065 1133 1131 audiret

85 1170 110 1209 ιο
124 1151 378 1217 dominationem
397 1149 530 1238 Cypseli
552 1153 745 1238 confirmari,
769 1152 895 1240 defugit
916 1154 1059 1239 patriam
1081 1153 1133 1219 vir

122 1240 207 1305 liber
229 1262 267 1306 ac
288 1240 385 1306 fortis
409 1244 442 1305 et
465 1240 607 1306 adscitus
630 1245 681 1305 est
702 1241 782 1307 civis
806 1265 825 1308 a
843 1241 1132 1326 Tarquiniensibus

123 1332 221 1414 atque
251 1328 286 1392 in
314 1350 354 1394 ea
383 1328 516 1395 civitate
544 1329 744 1395 domicilium
771 1333 805 1395 et
832 1330 923 1395 sedes
950 1331 1132 1397 collocavit.

122 1414 189 1482 Ubi
221 1439 294 1482 cum
326 1416 365 1481 de
396 1420 502 1481 matre
531 1416 673 1483 familias
701 1417 930 1503 Tarquiniensi
957 1419 1020 1484 duo
1045 1420 1132 1485 filios

123 1505 368 1590 procreavisset,
391 1505 540 1570 omnibus
564 1527 620 1571 eos
643 1507 768 1571 artibus
792 1507 833 1572 ad
851 1506 1048 1573 Graecorum
1071 1507 1134 1572 dis·

85 1610 110 1648 15
124 1593 279 1679 ciplinam
302 1595 432 1659 erudiit.
448 1645 454 1657 .
471 1644 499 1658 ..

367 1736 610 1818 [Desiderantar
626 1737 764 1819 popinae
785 1738 888 1818 duae]

196 1857 374 1924 ....facile
392 1859 427 1923 in
445 1859 611 1924 civitatem
630 1863 779 1945 receptus
798 1864 893 1944 esset,
911 1882 1006 1946 prop·
1020 1862 1061 1942 [p.
1081 1823 1186 1949 219232

124 1951 175 2013 ter
200 1947 438 2012 humanitatem
463 1951 560 2032 atque
584 1947 765 2013 doctrinam
788 1947 880 2014 Anco
903 1950 974 2035 regi
995 1949 1133 2014 familia—

123 2034 169 2100 ris
197 2040 247 2100 est
268 2035 375 2102 factus
397 2057 500 2121 usque
523 2057 575 2122 eo,
601 2039 640 2101 ut
662 2036 872 2102 consiliorum
894 2039 1039 2103 omnium
1061 2060 1134 2124 par·

123 2124 226 2210 ticeps
254 2128 288 2190 et
315 2124 420 2190 socius
447 2146 551 2209 paene
576 2124 671 2210 regni
696 2127 876 2210 putaretur.
924 2124 1008 2191 Erat
1034 2126 1069 2191 in
1095 2149 1134 2192 eo

82 2227 109 2267 2⁰
123 2218 292 2298 praeterea
328 2235 455 2279 summa
487 2214 638 2296 comitas,
678 2235 805 2278 summa
841 2213 875 2277 'm
912 2215 1018 2279 omnis
1054 2215 1133 2280 civis

124 2302 209 2388 opis,
236 2302 363 2386 auxilii,
390 2301 602 2385 defensionis,
629 2302 789 2387 largiendi
817 2301 916 2367 etiam
938 2302 1134 2390 benignitas.

123 2388 238 2476 Itaque
267 2394 397 2456 mortuo
424 2389 546 2456 Marcio
579 2390 703 2455 cunetis
734 2390 848 2475 populi
880 2391 1046 2479 suffragiis
1077 2414 1134 2458 rex

124 2483 175 2543 est
198 2483 326 2544 oreatus
348 2478 385 2544 L.
403 2477 613 2563 Tarquinius3
636 2478 683 2543 sic
701 2478 788 2542 enim
808 2478 813 2563 Ι
833 2499 928 2544 suum
949 2501 1006 2545 no·
1025 2481 1066 2562 [p.
1081 2496 1133 2546 220

125 2588 199 2631 men
226 2588 265 2631 ex
288 2565 412 2632 Graeco
434 2566 565 2631 nomine
587 2566 765 2650 inflexerat,
788 2569 826 2631 ut
847 2567 882 2631 in
905 2568 994 2632 omni
1017 2590 1134 2655 genere

85 2668 111 2708 2⁵
125 2653 220 2718 huius
243 2654 357 2739 populi
379 2653 643 2720 consuetudinem
661 2654 826 2719 videretur
843 2655 1001 2722 imitatus.
1037 2655 1134 2741 Isque

125 2746 162 2806 ut
176 2741 214 2805 de
228 2763 287 2807 suo
301 2742 439 2827 imperio
453 2743 560 2828 legem
573 2742 659 2826 tulit,
672 2742 833 2827 principio
848 2743 1027 2829 duplicavit
1039 2744 1134 2809 illurn

126 2829 299 2914 pristinum
321 2834 453 2914 patrum
474 2852 645 2895 numerum
666 2834 699 2895 et
717 2832 869 2916 antiquos
886 2836 998 2916 patres
1017 2833 1134 2898 maio·

125 2941 206 2983 rum
239 2918 411 3003 gentium
444 2918 636 3004 appellavit,
668 2940 749 3004 quos
780 2920 906 3004 priores
939 2921 1134 2985 sententiam

124 3007 273 3093 rogabat,
296 3029 316 3072 a
338 3028 373 3072 se
397 3007 537 3073 adscitos
561 3006 757 3072 minorum.
803 3007 928 3073 Deinde
951 3009 1133 3093 equitatum
1151 3023 1186 3073 ee

84 3109 111 3151 ³⁰
125 3097 166 3161 ad
197 3098 285 3161 hunc
315 3117 439 3161 morem
472 3096 655 3178 constituit,
688 3095 744 3180 qui
770 3093 881 3183 usique
908 3096 1013 3164 adhuc
1038 3100 1079 3180 [p.
1099 3115 1133 3163 3⁷

127 3188 175 3250 est
203 3188 362 3268 retentus,
391 3206 450 3251 nec
476 3184 585 3269 potuit
607 3183 800 3249 Titiensium
822 3188 856 3248 et
878 3184 1134 3251 Rhamnensium

125 3276 158 3375 et
174 3271 333 3338 Lucerum
351 3276 488 3355 mutare,
506 3294 580 3375 cum
598 3276 738 3357 cuperet,
756 3273 899 3375 nomina,
918 3274 1003 3359 quod
1021 3279 1134 3341 auctor

124 3382 436 3515 {tolldreist
450 3359 1134 3537 gildiiiiirdavssiilir{iiiiii}

84 3553 111 3594 ⁸⁵
125 3538 248 3603 alendis
271 3538 426 3604 orborum
449 3542 483 3604 et
504 3538 676 3604 viduarum
698 3538 832 3604 tributis
849 3538 951 3605 fuisse
969 3538 1132 3624 quondam
