2652 3908
389 198 456 255 LIB.
475 198 510 255 Π.
530 197 606 253 CAP.
625 204 739 255 33-35.
763 204 778 265 ἓ
797 203 911 255 84-89.
1108 199 1150 266 Π

142 367 183 410 ea
208 343 389 411 fortuitane
419 344 484 409 sint
513 366 556 410 an
583 364 621 410 eo
649 346 752 427 statu,
784 364 847 427 quo
871 343 1041 409 cohaerere
1063 345 1153 410 nullo

143 433 241 499 modo
271 432 439 520 potuerint
464 432 530 498 nisi
557 453 654 499 sensu
676 432 864 498 moderante
888 432 1059 518 divinaque
1082 454 1155 517 pro·

143 521 297 587 videntia
352 518 388 587 Si
419 521 522 608 igitur
554 522 691 587 meliora
722 525 799 586 sunt
830 542 882 607 ea,
914 542 996 605 quae
1027 525 1154 606 nature,

144 632 245 695 quam
275 609 348 694 illa,
381 631 462 694 quae
494 613 565 675 arte
594 608 739 696 perfecta
766 613 855 693 sunt,
886 630 946 677 nec
973 631 1027 676 ars
1055 609 1155 675 efficit

94 721 114 762 s
144 698 320 783 quicquam
342 698 413 763 sine
434 698 571 782 ratione,
591 719 633 764 ne
654 702 775 764 natura
797 696 927 783 quidem
949 698 1085 764 rationis
1104 720 1155 763 ex·

144 808 221 872 pers
249 790 301 852 est
326 787 483 852 habenda.
529 785 591 863 Qui
618 787 720 873 igitur
747 786 910 871 convenit,
942 787 1071 873 signum
1098 790 1156 852 aut

146 875 296 941 tabulam
322 875 444 961 pictam
471 898 544 942 cum
572 875 749 962 aspexeris,
778 875 860 941 scire
882 874 1063 941 adhibitam
1086 896 1156 941 esse

146 967 266 1047 artem,
297 986 433 1049 cumque
464 964 578 1050 procul
610 985 740 1030 cursum
770 962 895 1050 navigii
926 963 1060 1047 videris,
1091 985 1156 1030 non

146 1052 310 1138 dubitare,
341 1053 419 1137 quin
447 1052 481 1117 id
508 1052 634 1118 ratione
664 1055 762 1136 atque
785 1053 856 1118 arte
878 1056 1062 1136 moveatur,
1091 1055 1157 1136 aut,

103 1166 132 1205 ιο
145 1164 222 1207 cnm
244 1142 401 1208 solarium
417 1141 471 1206 rel
489 1140 680 1227 discriptum
697 1140 751 1206 vel
769 1162 808 1206 ex
827 1161 912 1225 aqua
930 1139 1156 1225 contemplere,

146 1229 337 1316 intellegere
365 1229 524 1295 declarari
551 1229 649 1295 horas
677 1232 761 1313 arte,
788 1249 855 1295 non
881 1249 972 1314 casu,
1001 1228 1156 1294 mundum

147 1322 273 1401 autem,
304 1317 359 1402 qui
388 1321 421 1383 et
449 1317 510 1383 has
536 1317 625 1404 ipsas
654 1321 741 1383 artes
769 1320 802 1383 et
825 1338 937 1383 earum
960 1317 1100 1383 artifices
1124 1319 1157 1382 et

148 1410 265 1472 cuncta
287 1406 518 1491 conplectatur,
541 1406 668 1472 consilii
692 1410 725 1471 et
747 1405 883 1472 rationis
903 1426 973 1470 esse
992 1409 1157 1491 expertem

146 1493 286 1580 putare?
318 1491 440 1569 Quodsi
457 1495 492 1559 in
509 1491 677 1580 Scythiam
695 1498 753 1560 aut
769 1495 805 1560 in
817 1493 1025 1559 Britanniam
1043 1472 1262 1579 sphiram

106 1607 132 1646 rs
148 1605 220 1648 ram
239 1582 357 1667 aliquis
376 1583 490 1648 tulerit
507 1583 600 1668 hanc,
619 1605 716 1668 quam
734 1604 838 1668 nuper
854 1581 1028 1648 familiaris
1046 1585 1158 1648 noster

147 1670 254 1738 effecit
281 1670 487 1757 Posidonius,
519 1672 608 1738 cuius
641 1672 791 1758 singulae
819 1670 1044 1737 conversiones
1072 1670 1158 1737 idem

147 1759 294 1826 efficiunt
320 1759 355 1825 in
381 1761 450 1826 sole
478 1763 512 1825 et
537 1759 573 1824 in
599 1760 678 1825 luna
705 1759 795 1825 etin
817 1758 958 1844 quinque
981 1759 1087 1861 stelb's
1110 1780 1159 1825 er·

147 1849 311 1934 rantibus,
344 1849 430 1934 quod
462 1848 601 1914 efficitur
632 1848 668 1913 in
699 1848 789 1914 caelo
818 1848 955 1935 singulis
983 1847 1096 1914 diebus
1124 1851 1159 1914 et

146 1937 309 2022 noctibus,
327 1937 400 2023 quis
418 1937 453 2001 in
469 1937 529 2003 illa
548 1936 701 2002 barbaria
720 1935 855 2020 dubitet,
874 1936 952 2021 quin
966 1957 1005 2003 ea
1018 1936 1158 2022 sphaera

105 2046 134 2086 sc
147 2027 192 2091 sit
218 2024 364 2112 perfecta
394 2025 543 2091 ratione?
587 2023 633 2090 Hi
661 2028 770 2091 autem
792 2024 944 2090 dubitant
967 2024 1005 2090 de
1028 2024 1210 2107 mendoso

147 2136 187 2180 ex
217 2135 280 2199 quo
311 2117 345 2179 et
373 2114 521 2180 oriuntur
549 2117 582 2179 et
608 2113 692 2179 fiunt
719 2113 841 2200 omnia,
873 2134 991 2179 casune
1020 2112 1091 2199 ipse
1114 2113 1158 2178 sit

147 2203 282 2269 effectus
315 2206 372 2268 aut
402 2202 596 2268 necessitate
623 2202 734 2287 aliqua
761 2224 804 2275 an
830 2201 957 2268 ratione
985 2222 1023 2267 ac
1050 2205 1157 2267 mente

148 2292 270 2376 divina,
303 2295 336 2356 et
362 2290 590 2357 Archimedem
619 2291 821 2357 arbitrantur
851 2291 926 2377 plus
954 2288 1097 2355 valuisse
1123 2290 1159 2354 in

147 2379 315 2446 imitandis
343 2379 499 2465 sphaerae
527 2379 791 2446 conversionibus
819 2400 917 2464 quam
943 2381 1096 2443 naturam
1124 2377 1159 2443 in

105 2486 134 2528 ss
148 2467 338 2551 efficiendis,
370 2469 562 2553 praesertim
589 2489 662 2534 cum
689 2467 802 2533 multis
829 2466 978 2552 partibus
1006 2466 1073 2532 sint
1099 2465 1158 2532 illa

148 2556 293 2644 perfecta
324 2578 422 2641 quarn
453 2556 533 2622 haec
563 2556 718 2622 simulata
745 2555 920 2622 sollertius.
969 2553 1074 2641 Atqui
1101 2554 1158 2621 ille
1176 2576 1211 2628 so

148 2644 235 2733 apud
253 2645 389 2712 Accium
410 2648 534 2731 pastor,
556 2645 613 2732 qui
634 2666 751 2710 navem
771 2665 949 2730 numquam
968 2647 1044 2710 ante
1062 2642 1159 2710 vidis·

148 2738 208 2819 set,
230 2737 268 2800 ut
289 2734 402 2819 procul
427 2733 571 2800 divinum
594 2736 627 2800 et
649 2755 770 2801 novum
789 2732 973 2800 vehiculum
989 2731 1159 2819 Argonau-

148 2826 257 2889 tarum
285 2826 436 2889 emonte
460 2824 640 2909 conspexit,
664 2822 770 2909 primo
794 2821 959 2888 admirans
982 2824 1016 2887 et
1038 2824 1159 2908 perter-

107 2911 233 2977 soritus
256 2910 319 2977 hoc
343 2910 438 2977 modo
461 2911 618 2998 loquitur:

617 2999 741 3066 Tanta
763 3000 885 3067 moles
908 2999 1057 3066 labitur
1129 2950 1211 3094 N

192 3087 452 3155 Fremibrinda
470 3110 513 3154 ex
532 3089 614 3156 alto
633 3089 787 3176 inge‘nti
805 3088 937 3155 sonitu
953 3092 991 3153 et
1006 3086 1158 3173 spiritu.

192 3176 289 3243 Prae
312 3199 352 3243 se
374 3178 495 3244 undas
518 3177 658 3262 volvit,
680 3178 851 3261 [emrtices
874 3177 913 3243 vi
936 3177 1117 3262 sdscitat,

193 3264 287 3331 Ruit
307 3267 506 3352 prolapsa,
528 3265 691 3353 pelagus
715 3263 926 3352 respergit,
949 3263 1078 3330 reflat.

107 3366 135 3410 ³⁸
193 3353 254 3420 Ita
273 3354 357 3420 dum
375 3353 639 3440 interruptum
658 3353 791 3419 credas
808 3353 981 3419 nimbum
995 3352 1158 3437 volvier,

193 3442 289 3509 Dum
313 3442 412 3528 quod
434 3442 602 3508 sublime
625 3442 754 3507 vdntis
778 3441 978 3527 expulsrlm
1001 3440 1088 3526 rapi
1108 3466 1215 3494 w*

194 3528 332 3597 Saxum
355 3533 421 3597 adt
442 3530 644 3618 procellis,
666 3531 727 3596 rel
750 3530 936 3617 globosos
958 3528 1136 3594 tdrbines
