2654 3912
177 219 245 282 430
572 218 619 272 DE
638 217 794 273 LEGIBUS

177 363 278 448 plius,
297 384 391 441 quam
413 386 458 428 nc
480 365 577 516 quist
587 384 630 426 ea
648 364 778 428 deleat
809 386 903 429 neve
933 364 1144 429 alienum
1134 386 1198 428 rn-

176 453 294 536 ferat,
326 473 494 537 poenaque
527 456 590 537 est,
628 453 665 516 si
698 452 796 537 quis
826 453 931 517 bust
916 456 1005 517 tum
1040 450 1138 538 (nam
1158 453 1196 516 id

177 545 258 627 puto
291 541 450 625 appellari
481 504 625 627 τύμβον)
659 544 724 605 aut
756 541 1046 626 monimentum,
1074 541 1195 625 inquit,

178 634 243 694 ant
267 630 482 694 columnam
504 629 681 714 violarit
709 630 887 714 laeserit,
913 593 1093 716 fregerit.
1071 627 1194 695 tSesl

176 722 254 804 post
272 717 441 819 aliquanto
458 721 557 802 propt
559 740 594 781 er
543 717 672 783 thas
687 717 804 804 amplit
790 717 918 783 tudines
934 718 1193 820 sepulchrorum,
1210 740 1231 782 ⁵

178 827 258 892 quas
277 806 311 870 in
330 803 496 872 Ceramico
514 806 670 891 videmus,
693 807 766 893 lege
786 812 934 872 sanctum
952 811 1012 892 est,
1035 829 1080 872 ne
1103 808 1193 892 quis

177 894 425 980 sepulchrum
451 893 600 959 faceret
628 895 844 980 operosius,
872 918 983 981 quam
1007 895 1107 980 quod
1130 896 1193 960 de·

123 993 158 1043 65
177 1003 256 1050 cem
288 983 463 1047 homines
491 982 699 1048 effecerint
725 984 869 1069 tridu03
900 1006 1004 1068 neque
1031 984 1065 1048 id
1092 1006 1193 1068 opere

176 1071 314 1142 tectorio
338 1072 488 1136 exornari
509 1093 568 1137 nec
590 1071 731 1157 hermas,
754 1093 835 1157 quos
853 1077 981 1156 vocant,
1004 1072 1125 1137 licebat
1141 1072 1192 1137 in·

175 1161 268 1247 poni,
294 1181 353 1225 nec
379 1160 417 1224 de
440 1160 562 1224 mortui
585 1160 680 1225 laude
701 1161 766 1225 nisi
789 1161 824 1225 in
846 1161 986 1246 publicis
1010 1160 1190 1246 sepulturis
1208 1185 1240 1226 rc

175 1271 235 1315 nec
258 1249 299 1314 ab
324 1248 398 1332 alio,
421 1248 485 1313 nisi
508 1248 564 1332 qui
587 1249 717 1333 publice
740 1249 782 1314 ad
805 1271 878 1314 eam
900 1271 970 1314 rem
990 1249 1190 1315 constitutus

176 1340 276 1422 esset,
304 1337 368 1403 dici
395 1337 524 1402 licebat.
570 1333 708 1402 Sublata
731 1337 831 1402 etiam
854 1341 926 1402 erat
948 1337 1120 1403 celebritas
1143 1338 1191 1402 vi·

175 1448 287 1491 rorum
307 1448 345 1491 ao
363 1426 545 1509 mulierum,
568 1448 632 1511 quo
650 1426 844 1493 lamentatio
863 1427 1077 1509 minneretur3
1099 1432 1192 1509 aocet

123 1522 157 1574 66
176 1515 262 1581 enim
290 1515 414 1580 luctum
441 1536 615 1581 concursus
638 1514 816 1579 hominum.
861 1513 1019 1591 Quocirca
1040 1514 1189 1580 Pittacus

176 1603 309 1669 omnino
338 1603 487 1669 accedere
516 1624 711 1689 quemquam
738 1606 830 1669 vetat
856 1602 891 1667 in
916 1603 1233 1669 funusaliorum.1s

176 1690 239 1778 Sed
266 1692 314 1757 ait
339 1713 452 1757 rursus
479 1691 565 1756 idem
587 1690 774 1757 Demetrius
801 1692 1017 1758 increbruisse
1045 1714 1118 1757 eam
1139 1691 1190 1758 fu·

174 1803 289 1846 nerum
303 1780 911 1869 sepulchrorumquemagnificentiam,
925 1803 1007 1865 quae
1021 1802 1106 1847 nunc
1118 1780 1188 1846 fere

175 1869 299 1935 Romae
331 1873 394 1954 est3
426 1891 524 1954 quam
556 1870 821 1935 consuetudinem
853 1869 926 1956 lege
959 1869 1077 1934 minuit
1103 1870 1188 1955 ipse3

174 1959 239 2023 fuit
262 1958 348 2024 enim
369 1958 424 2024 hic
445 1957 510 2043 vir,
532 1960 571 2022 nt
593 1958 698 2043 scitis,
719 1980 786 2025 non
808 1959 915 2024 solum
939 1958 1186 2043 eruditissimus,
1251 2012 1254 2025 .

176 2049 232 2112 sed
255 2048 356 2113 etiam
378 2046 458 2112 civis
481 2068 499 2112 e
521 2068 556 2111 re
578 2047 710 2132 publica
732 2047 872 2112 maxime
891 2047 1093 2132 tuendaeque
1111 2047 1187 2112 civi·
1200 2069 1230 2110 eo

175 2136 255 2201 tatis
278 2135 505 2221 peritissimus.
541 2133 576 2200 Is
598 2135 700 2221 igitur
724 2140 889 2221 sumptum
911 2136 1030 2200 minuit
1052 2158 1119 2201 non
1137 2157 1186 2200 so

175 2225 244 2289 lum
262 2245 376 2308 poena,
395 2223 452 2288 sed
470 2223 570 2288 etiam
588 2226 749 2308 tempore3
768 2227 844 2289 ante
862 2225 968 2290 lucem
987 2224 1073 2289 enim
1091 2225 1186 2289 iussit

175 2311 290 2378 efferri.
336 2309 524 2397 Sepulchris
552 2314 661 2376 autem
683 2311 777 2378 novis
800 2312 907 2377 finivit
929 2313 1076 2397 modnm3
1107 2335 1185 2377 nam

175 2421 272 2486 super
294 2401 402 2464 terrae
425 2399 588 2465 tumulum
610 2400 717 2465 noluit
740 2400 912 2486 quicquam
933 2402 1036 2466 statui
1053 2401 1118 2466 nisi
1135 2423 1185 2466 co·

173 2488 343 2554 lamellam
370 2488 476 2553 tribus
499 2488 617 2554 cubitis
640 2510 682 2554 ne
705 2489 856 2554 altiorem
879 2492 937 2554 aut
958 2511 1105 2554 mensam
1129 2494 1185 2555 aut
1198 2511 1226 2551 rs

174 2578 331 2644 labellum
367 2580 401 2643 et
436 2576 512 2643 huic
544 2577 770 2664 procurationi
798 2581 922 2644 certum
954 2578 1185 2664 magistratum

173 2666 383 2755 praefecerat.

122 2735 162 2864 {77
240 2754 331 2821 Haec
357 2755 461 2842 igitur
485 2754 703 2821 Athenienses
730 2755 787 2821 tui.
833 2753 896 2827 Sed
922 2755 1089 2822 rideamus
1112 2756 1184 2822 Pla·

174 2848 295 2929 tonem,
318 2843 374 2928 qui
396 2845 483 2910 iusta
500 2845 652 2909 funerum
670 2844 764 2910 reicit
782 2843 823 2910 ad
841 2844 985 2930 interpre
1003 2867 1036 2911 es
1055 2867 1090 2911 re
1105 2867 1183 2931 igro-

172 2956 265 3018 num3
284 2955 380 3017 quem
397 2954 458 2999 nos
477 2954 601 2999 morem
619 2935 776 2999 tenemus.
807 2932 857 3000 De
875 2933 1056 3019 sepulchris
1075 2939 1183 3019 autem
1196 2953 1222 2995 sc

175 3022 253 3086 dicit
276 3021 369 3087 haec:
397 3025 489 3086 vetat
512 3043 550 3086 ex
574 3043 655 3108 agro
678 3023 766 3087 culte
790 3044 882 3108 eove,
904 3023 961 3107 qui
983 3023 1048 3089 coli
1070 3024 1183 3109 possit,

172 3110 276 3174 ullam
303 3114 432 3195 partem
460 3110 545 3176 sumi
573 3111 760 3195 sepulchr03
788 3110 844 3176 sed
865 3133 949 3195 quae
970 3116 1089 3176 natura
1112 3113 1183 3197 agri

173 3202 303 3263 tantum
331 3199 426 3263 modo
455 3198 583 3264 efficere
609 3200 728 3284 possit,
756 3202 795 3263 ut
821 3203 1024 3264 mortuorum
1048 3221 1182 3285 corpora

173 3287 243 3352 sine
271 3286 466 3352 detrimento
493 3287 643 3352 rivorum
670 3288 820 3373 recipiat,
847 3309 887 3353 ea
912 3288 1120 3372 potissimum
1147 3292 1183 3351 ut

173 3375 378 3460 conpleatur;
406 3397 488 3459 quae
517 3379 627 3441 autem
649 3378 739 3441 terra
759 3375 872 3462 fruges
894 3375 979 3441 ferre
1002 3379 1036 3440 et
1057 3379 1096 3440 ut
1118 3398 1181 3440 ma·
1194 3394 1219 3436 a

173 3468 224 3527 ter
251 3463 340 3528 cibos
370 3463 577 3548 suppeditare
604 3464 724 3549 possit,
751 3485 823 3528 eam
849 3484 891 3528 ne
914 3464 986 3548 quis
1008 3464 1103 3528 nobis
1126 3465 1181 3528 mi·

121 3555 253 3615 renuat
279 3573 360 3618 neve
388 3551 481 3616 vivos
508 3574 589 3617 neve
616 3555 771 3617 mortuos.
816 3550 934 3617 Extrui
961 3555 1070 3616 antem
1092 3556 1181 3616 vetat
