2652 3920
197 211 262 276 174
547 209 597 265 oa
615 192 857 265 murmurosa

196 356 375 442 stellaeque
394 378 519 441 aureae,
543 378 625 440 quae
640 355 778 440 Delphis
797 358 892 420 erant
910 353 1209 433 aLacedaemoniis

194 445 322 530 positae
349 449 425 530 post
452 444 603 510 navalem
630 444 723 508 illam
748 443 919 509 victoriam
941 442 1116 528 Lysandri,
1144 466 1210 530 qua

195 533 412 599 Athenienses
436 533 654 616 conciderunt,
678 555 741 617 qua
763 533 928 618 inpugna
947 531 1024 616 quia
1037 530 1156 598 Castor
1175 536 1209 597 et

194 621 312 686 Pollux
331 644 405 688 cum
417 621 746 687 Lacedaemoniorum
765 622 870 685 classe
888 620 952 685 visi
970 641 1040 686 esse
1059 620 1208 686 diceban·

195 713 258 793 tur,
282 732 394 776 eorum
416 710 560 798 insignia
583 710 725 794 deorum,
749 710 864 774 stellae
883 731 1008 794 aureae,
1031 730 1112 793 quas
1132 709 1207 792 dixi,
1237 728 1253 768 s

195 799 333 884 Delphis
361 799 489 884 positae
510 800 609 884 paulo
634 802 709 864 ante
732 797 934 864 Leuctricam
956 819 1102 884 pugnam
1126 798 1207 863 deci-

145 898 177 948 16
197 887 314 952 derunt
335 909 440 972 neque
459 891 606 973 repertae
626 891 710 952 sunt.
741 886 919 952 Maximum
937 909 1015 952 vero
1033 886 1116 951 illud
1134 908 1208 971 por·

196 979 324 1041 tentum
346 976 449 1041 isdem
472 973 648 1061 Spartiatis
670 975 746 1058 fuit,
775 975 873 1061 quod,
900 997 973 1054 cum
996 975 1142 1040 oraclum
1165 974 1207 1039 ab

195 1063 273 1130 love
296 1064 473 1130 Dodonaeo
499 1064 692 1150 petivissent
716 1065 755 1129 de
776 1063 916 1129 victoria
938 1063 1141 1142 sciscitantes
1164 1065 1208 1128 le

196 1153 330 1239 gatique
348 1174 403 1219 aas
420 1153 511 1237 illud,
532 1154 567 1218 in
585 1174 649 1237 quo
667 1153 798 1217 inerant
816 1156 930 1236 sortes,
948 1152 1251 1236 collocavissent,1⁰

115 1267 117 1271 ’
196 1241 305 1326 simia,
335 1263 433 1326 quam
460 1263 516 1306 rex
539 1241 758 1306 Molossorum
781 1240 816 1304 in
839 1240 962 1306 deliciis
985 1241 1142 1325 habebat,
1173 1244 1208 1305 et

196 1333 300 1395 sortes
327 1330 416 1415 ipsas
445 1333 478 1394 et
500 1333 620 1413 cetera,
651 1351 733 1413 quae
756 1332 849 1394 erant
872 1328 913 1393 ad
936 1332 1058 1394 sortem
1080 1332 1208 1414 parata,

195 1418 392 1483 disturbavit
424 1421 457 1483 et
485 1418 572 1483 aliud
600 1417 666 1483 alio
694 1417 883 1502 dissupavit.
929 1417 1012 1482 Tum
1040 1440 1091 1502 ea,
1124 1439 1207 1502 quae

194 1508 383 1592 praeposita
405 1510 476 1572 erat
499 1507 617 1591 oraclo,
640 1507 790 1572 sacerdos
813 1506 932 1570 dixisse
955 1505 1072 1570 dicitur
1095 1506 1134 1570 de
1158 1527 1207 1571 sa·

195 1596 263 1660 lute
286 1595 548 1661 Lacedaemoniis
572 1617 651 1680 esse,
675 1617 742 1660 non
765 1594 804 1659 de
826 1594 964 1660 victoria
987 1594 1204 1679 cogitandum.
1221 1610 1248 1653 rs

143 1668 186 1734 35
196 1683 301 1760 Quid?
324 1684 412 1749 bello
435 1683 557 1749 Punico
581 1684 720 1749 secundo
743 1705 850 1749 nonne
873 1679 908 1748 Ο.
931 1681 1111 1748 Flaminius
1134 1705 1207 1748 con·

143 1747 176 1796 ⁷⁷
195 1774 247 1838 sul
278 1773 397 1838 iterum
428 1772 573 1858 neglexit
605 1772 699 1858 signa
731 1794 839 1837 rerum
870 1771 1055 1837 futurarum
1086 1792 1208 1858 magna

195 1884 268 1927 curn
299 1861 388 1926 clade
418 1860 466 1925 rei
494 1860 666 1946 publicae?
703 1858 765 1936 Qui
794 1860 937 1926 exercitu
963 1860 1105 1925 lustrato
1133 1882 1207 1925 cunr

195 1949 363 2014 Arretium
381 1971 494 2014 versus
512 1953 621 2015 castra
639 1949 795 2013 movisset
812 1952 845 2014 et
859 1952 974 2014 contra
986 1947 1206 2013 Hannibalem

195 2038 341 2124 legiones
369 2037 512 2120 duceret,
540 2041 574 2102 et
599 2038 670 2121 ipse
697 2041 731 2102 et
758 2059 858 2122 equus
883 2038 952 2102 eius
975 2041 1052 2102 ante
1075 2037 1206 2123 signum
1221 2055 1248 2095 ro

195 2126 283 2191 Iovis
311 2123 451 2190 Statoris
484 2126 553 2190 sine
586 2146 684 2190 causa
715 2128 847 2210 repente
880 2125 1020 2190 concidit
1048 2146 1107 2191 nec
1134 2147 1206 2190 eam

195 2237 265 2280 rem
287 2214 403 2279 habuit
424 2213 577 2300 religioni
599 2214 725 2279 obiecto
750 2214 859 2300 signo,
880 2218 918 2279 ut
939 2214 1055 2299 peritis
1078 2214 1206 2280 videba-

195 2307 264 2387 tur,
296 2324 337 2367 ne
369 2303 588 2368 committeret
618 2301 788 2387 proelium.
835 2301 926 2367 Idem
957 2324 1031 2368 curn
1063 2302 1205 2388 tripudio

196 2390 428 2476 auspicaretur,
450 2390 609 2476 pullarius
633 2389 718 2455 diem
740 2391 858 2476 proelii
876 2390 1100 2456 committendi
1119 2391 1206 2456 diffe

194 2482 298 2546 rebat.
338 2481 422 2545 Tum
443 2477 623 2544 Flaminius
651 2500 690 2544 ex
713 2501 751 2545 eo
774 2480 948 2564 quaesivit,
976 2479 1006 2545 si
1026 2501 1067 2545 ne
1089 2483 1205 2565 postea
1219 2493 1246 2536 2⁶

195 2570 324 2654 quidem
357 2567 441 2654 pulli
471 2571 694 2653 pascerentur,
728 2568 806 2652 quid
836 2567 1019 2633 faciendum
1051 2571 1205 2634 censeret.

195 2659 277 2726 Cum
295 2659 352 2722 ille
370 2655 598 2741 quiescendum
612 2657 842 2742 respondisset,
859 2655 1053 2722 Flaminius:
1078 2655 1205 2722 ‘Prae—

195 2748 302 2815 clara
324 2767 416 2811 rero
440 2743 628 2830 auspicia,
656 2746 688 2809 si
711 2745 976 2811 esurientibus
998 2745 1121 2830 pullis
1143 2766 1204 2810 res

195 2834 279 2924 geri
295 2833 464 2919 poterit,
487 2833 634 2898 saturis
651 2833 752 2898 nihil
771 2831 958 2920 gereturl'
980 2833 1091 2917 itaque
1111 2833 1205 2920 signa

195 2922 335 2991 convelli
358 2926 392 2988 et
414 2943 449 2987 se
472 2921 564 3006 sequi
581 2921 687 2988 iussit.
723 2919 793 2997 Quo
811 2926 959 3006 tempore
977 2944 1050 2988 cum
1069 2921 1205 3009 signifer
1218 2937 1246 2979 ao

193 3012 292 3100 primi
310 3011 436 3077 hastati
454 3010 584 3097 signum
602 3032 669 3076 non
686 3014 799 3096 posset
817 3031 946 3076 movere
961 3011 1033 3076 loco
1047 3033 1106 3076 nec
1120 3010 1205 3095 quic·

195 3124 293 3188 quam
320 3099 545 3185 proficeretur,
571 3099 683 3184 plures
706 3121 779 3163 cum
803 3098 1002 3182 accederent,
1024 3098 1204 3164 Flaminius

194 3211 230 3256 re
251 3188 405 3255 nuntiata
428 3209 487 3254 suo
505 3208 595 3253 more
613 3187 767 3273 neglexit.
797 3185 913 3273 Itaque
931 3187 1037 3252 tribus
1055 3188 1097 3253 iis
1114 3187 1204 3253 horis

142 3290 175 3340 78
195 3277 342 3344 concisus
366 3277 525 3344 exercitus
545 3280 642 3359 atque
661 3277 732 3361 ipse
750 3273 939 3341 interfectus
959 3274 1016 3340 est.
1048 3275 1204 3362 Magnum

194 3365 276 3431 illud
305 3364 418 3451 etiam,
445 3365 532 3451 quod
562 3363 686 3429 addidit
713 3361 856 3448 Coelius,
884 3384 922 3429 eo
949 3366 1096 3449 tempore
1123 3366 1204 3449 ipso,
1217 3379 1244 3422 ³⁶

195 3476 267 3520 cum
293 3453 357 3521 hoc
383 3454 611 3520 calamitosum
637 3451 798 3537 proelium
825 3451 930 3534 fieret,
959 3454 1070 3517 tantos
1097 3458 1204 3518 terrae

194 3547 303 3609 motus
326 3544 362 3609 in
378 3543 565 3630 Liguribus,
588 3539 698 3606 Gallia
721 3539 1004 3624 compluribusque
1022 3541 1138 3606 insulis
1156 3546 1205 3607 to·
