2652 3920
374 197 442 255 ΜΒ.
461 198 483 254 L
504 197 579 254 cap,
598 204 712 253 442-47.
732 203 748 264 s
765 204 896 273 aedos.
1082 198 1145 263 183

135 345 262 426 verunt,
281 340 338 413 sed
357 341 457 409 etiam
473 342 652 427 hominum,
670 363 752 427 quae
770 344 889 408 vorant
906 341 1024 408 omina.
1056 339 1145 417 Quae

136 430 276 497 maiores
298 429 406 497 nostri
428 430 505 515 quia
522 430 632 497 valere
649 430 834 515 censebant,
856 430 1144 497 ideireovomnibus

136 519 234 585 rebus
258 518 392 605 agendis
416 517 528 597 ‘ouon
546 536 679 602 sonum,
701 536 871 603 seuerum,
893 518 1003 584 sumn⁴
1017 536 1145 586 norru-

137 623 335 685 unrunguu‘
348 605 468 675 Essur'
485 606 727 693 praefabantur,
745 607 905 694 rebusque
919 606 1045 692 divinia
1064 629 1146 691 quae

109 695 266 781 apubliae
292 695 420 780 fierent,
447 699 485 763 ut
508 694 710 762 ‘narramur
732 693 901 781 nmnms’,
924 695 1147 781 imperabatur

136 784 235 868 inque
265 781 356 851 feriis
374 783 599 869 «imperandis,
631 787 681 850 uta
696 783 849 852 ‘nmmos
876 801 921 850 nr
949 801 1077 851 maone
1105 801 1145 851 sn

137 871 407 938 nsssrlnuunnr’.
451 871 600 958 Itemque
626 871 663 938 in
688 872 859 938 lustranda
883 872 1011 939 bolonia
1033 873 1147 958 abeo,

139 960 195 1045 qui
217 960 491 1044 eamdeduooret,
516 965 550 1026 et
572 980 645 1028 oum
667 960 846 1047 imperator
869 961 1058 1045 exereitum,
1077 981 1147 1026 oen·

138 1070 194 1114 sor
220 1049 378 1134 populum
399 1049 569 1133 lustraret,
596 1049 690 1116 bonis
713 1048 913 1134 nominibus,
940 1049 997 1134 qui
1019 1049 1146 1115 hostias

99 1157 126 1196 ro
140 1137 301 1220 ducerent,
323 1137 536 1226 eligebantur.
576 1136 669 1215 Quod
690 1137 785 1205 idem,
798 1137 837 1203 in
856 1137 976 1204 dileotu
997 1138 1146 1205 eonsules

140 1225 328 1310 observant,
351 1229 389 1292 ut
410 1226 535 1312 primus
558 1226 651 1291 miles
672 1226 733 1292 fiat
754 1225 841 1292 bono
863 1226 1003 1293 nomine.
1044 1225 1134 1303 Quae
1149 1240 1200 1290 103

140 1312 270 1398 quidem
288 1336 308 1380 a
325 1317 360 1380 te
378 1315 441 1380 sois
460 1318 494 1380 et
512 1314 642 1381 oonsule
661 1317 694 1380 et
712 1313 909 1398 imperatore
927 1335 1147 1381 summarum

132 1401 296 1487 ,religione
324 1423 396 1469 esse
420 1406 567 1473 serrata„
594 1401 985 1489 Praerogativamzetiam
1008 1403 1147 1468 maiores

132 1510 235 1573 ¹omen
252 1490 413 1559 iustorum
431 1491 637 1557 comitiorum
656 1512 726 1556 esse
744 1491 928 1580 voluerunt.
962 1490 1071 1576 Atque
1086 1511 1147 1577 ego
1156 1494 1200 1559 46

99 1598 125 1639 rr
140 1579 288 1664 exempla
319 1579 464 1646 ominum
495 1583 575 1646 nota
602 1579 780 1666 proferam:
815 1578 851 1644 L.
877 1576 1001 1645 Paulus
1035 1579 1147 1645 eonsul

139 1668 268 1752 iterum,
290 1689 364 1735 eum
387 1667 417 1733 ei
433 1668 556 1734 bellum
580 1672 618 1733 ut
640 1690 714 1734 eum
735 1687 813 1754 roge
830 1665 929 1733 Perse
947 1670 1077 1755 gereret
1094 1667 1148 1733 ob

133 1756 285 1841 tigisset,
313 1759 352 1821 ut
379 1777 417 1823 ea
443 1756 516 1841 ipsa
544 1756 594 1822 die
621 1756 753 1823 domum
781 1755 823 1821 ad
849 1776 1021 1841 vesperum
1043 1755 1149 1838 rediit,

140 1844 277 1910 filiolam
296 1866 388 1910 suam
401 1843 562 1930 Tertiam,
574 1866 657 1930 quae
674 1848 744 1910 tum
765 1846 837 1909 erat
850 1843 1023 1909 admodum
1038 1867 1148 1930 parra,

141 1933 292 2011 osculans
324 1934 467 2002 animum
499 1933 641 1999 advertit
672 1932 877 1998 tristioulam.
920 1930 1034 2008 ‘Quid
1065 1932 1149 2016 est',

95 2040 127 2095 eo
140 2020 256 2106 inquit,
275 2020 371 2087 ‘mea
389 2015 543 2087 Tertia?
565 2020 655 2106 quid
673 2020 806 2087 tristis
824 2018 904 2087 est?
927 2019 994 2086 ‘Mi
1012 2019 1149 2107 pater’,

140 2109 256 2195 inquit,
280 2108 415 2175 ‘Persa
436 2108 577 2194 periit?
614 2108 697 2174 Tum
717 2109 774 2175 ille
793 2108 896 2175 artius
911 2110 1058 2195 puellam
1072 2131 1150 2176 ¹oon·

140 2198 267 2283 plexus:
291 2197 492 2284 ‘Aeeipio’,
514 2197 630 2284 inquit,
656 2197 753 2265 ‘mea
770 2196 874 2283 filia,
896 2197 1032 2264 om'en'.
1055 2198 1151 2264 Erat

141 2290 250 2352 autem
272 2291 420 2353 mortuus
442 2286 581 2353 entellus
604 2308 642 2352 eo
664 2286 806 2353 nomina
845 2285 881 2355 L.
899 2285 1061 2372 Flaccum,
1078 2287 1141 2352 ‘fla-
1153 2300 1202 2350 104

141 2375 261 2440 minem
283 2374 482 2460 Martialem,
505 2396 567 2462 ego
591 2374 713 2460 audiri,
735 2397 808 2441 eum
832 2375 952 2441 dioeret
975 2373 1150 2442 Caeciliam

100 2482 128 2521 aa
140 2462 276 2547 Metelli,
293 2485 367 2529 oum
385 2463 485 2530 vellet
502 2463 626 2532 sororis
645 2484 722 2529 suae
739 2462 843 2529 filiam
856 2463 891 2528 in
904 2463 1150 2530 matrimonium

142 2551 320 2635 conlocare,
339 2551 443 2617 exisse
461 2551 496 2617 in
514 2551 676 2637 quoddam
694 2552 851 2617 sacellum
867 2551 984 2617 ominis
1003 2552 1151 2639 sapiendi

142 2660 253 2722 eausa,
283 2639 369 2723 quod
395 2639 464 2705 fieri
487 2662 578 2706 more
599 2644 747 2706 veterum
769 2640 906 2706 solebat.
951 2638 1033 2707 Cum
1055 2640 1150 2727 virgo

144 2729 247 2791 staret
270 2730 303 2792 et
321 2726 462 2794 Caecilia
483 2728 519 2794 in
541 2729 623 2793 sella
645 2729 776 2794 sederet
793 2750 897 2814 neque
920 2728 974 2793 diu
997 2729 1065 2794 ulla
1088 2750 1153 2795 vox
1228 2735 1231 2740 ’

143 2813 336 2900 exstitisset,
363 2815 506 2901 puellam
533 2816 749 2904 defatigatam
775 2816 897 2902 petisse
925 2839 945 2883 a
967 2820 1153 2900 matertera,

102 2921 129 2962 eo
143 2906 181 2968 ut
199 2902 263 2968 sibi
282 2903 478 2989 concederet,
495 2904 662 2991 paulipser
679 2905 769 2972 utin
788 2905 856 2971 eius
876 2905 958 2972 sella
975 2905 1153 2991 requiesco

142 2995 207 3076 ret;
237 2990 330 3056 illam
354 2996 463 3057 autem
486 2992 617 3058 dixisse:
646 2992 770 3078 ‘Vero,
800 3015 882 3060 mea
904 2993 1049 3080 puella,
1076 2994 1153 3060 tibi

142 3080 312 3157 oonoedo
340 3102 444 3147 meas
474 3078 605 3147 sedes?
651 3079 744 3158 Quod
773 3103 869 3148 omen
898 3103 957 3147 res
981 3086 1154 3148 oonseeuta

143 3172 207 3252 est3
229 3168 302 3254 ipsa
325 3169 409 3236 enim
434 3169 527 3236 breri
549 3172 679 3235 mortua
701 3173 761 3255 est,
783 3170 877 3258 virgo
901 3174 1010 3236 autem
1032 3171 1153 3257 nupsit,

143 3256 194 3322 oui
217 3253 358 3324 Caecilia
384 3261 488 3343 nupta
512 3256 630 3323 iuerat.
670 3256 761 3325 Haeo
787 3280 884 3344 posse
911 3260 1074 3326 oontemui
1101 3259 1154 3325 vel

102 3361 130 3417 ar
145 3345 244 3411 etiam
267 3345 366 3415 rideri
383 3346 550 3433 praeclare
567 3345 737 3433 intellego,
758 3346 815 3412 sed
832 3346 867 3412 id
884 3346 993 3432 ipsum
1008 3351 1067 3413 est*
1077 3346 1154 3414 deos

142 3455 209 3499 non
232 3437 357 3519 putare,
380 3456 463 3520 quae
485 3433 528 3502 ab
550 3432 591 3500 iis
614 3433 850 3521 significantur,
873 3440 1087 3501 contemnere.
1163 3484 1205 3549 4,

209 3519 292 3597 Quid
311 3523 350 3588 de
369 3522 547 3610 auguribus
561 3522 700 3609 loquar?
723 3522 812 3588 Tuae
825 3526 937 3608 partes
952 3527 1036 3606 sunt,
1053 3526 1145 3588 tuum
1157 3562 1206 3610 ,05
