2630 3904
362 214 430 271 LIB.
449 215 471 271 I.
491 213 567 272 GAP.
586 220 701 273 34-86.
720 220 736 282 ς
754 221 885 271 96-101.
1084 213 1126 278 37

114 361 183 446 dat,
207 360 265 425 sed
283 360 400 446 capite,
418 360 514 444 collo,
531 358 718 443 cervicibus,
736 359 903 444 lateribus,
923 359 1006 441 alvo,
1025 363 1129 444 tergo,

113 449 309 536 poplitibus,
331 448 491 533 manibus,
513 448 660 533 pedibus,
682 447 866 533 feminibus,
889 448 1045 514 cruribus.
1086 444 1129 531 si,

113 543 153 603 ut
174 536 365 603 inmortalis
388 537 445 621 sit,
472 537 550 622 quid
571 536 651 602 haec
675 536 840 601 advitam
863 538 1010 602 membra
1031 535 1130 622 perti·

112 626 217 692 nent?
250 625 328 710 quid
356 625 430 710 ipsa
455 623 577 691 facies?
617 624 723 712 Magis
750 625 822 708 illa,
854 626 1034 708 cerebrum,
1066 645 1130 708 cor,

86 716 301 801 cpulmones,
323 714 424 797 iecur3
446 713 527 779 haec
549 713 635 791 enim
659 716 735 778 sunt
758 713 923 779 domicilia
938 713 1041 797 vitae,
1063 712 1182 831 oris36

115 804 249 888 quidem
266 801 401 867 habitus
420 801 462 866 ad
478 802 567 867 vitae
585 802 774 867 firmitatem
792 801 875 866 nihil
893 802 1043 887 pertinet.
1073 800 1118 866 Ilt
1132 843 1183 893 100

114 913 172 956 eos
209 891 436 976 vituperabas,
473 891 529 975 qui
565 912 603 956 ex
635 890 787 977 operibus
818 890 1000 977 magnificis
1033 893 1130 974 atque

113 980 310 1066 praeclaris,
341 1001 415 1044 cum
442 978 550 1065 ipsum
578 979 747 1064 mundum,
779 1000 852 1044 cum
880 979 948 1044 eius
975 978 1132 1062 membra,

115 1069 254 1153 caelum,
277 1072 395 1152 terras,
418 1067 531 1149 maria,
554 1088 690 1152 cumque
708 1067 825 1133 horum
843 1067 995 1155 insignia,
1018 1068 1130 1150 solem,

76 1176 104 1216 ιο
118 1158 233 1222 lunam
257 1157 448 1241 stellasque,
473 1155 639 1240 vidissent,
662 1178 798 1240 cumque
821 1160 1005 1242 temporum
1028 1159 1131 1221 matu·

117 1247 250 1329 ritates,
274 1245 472 1310 mutationes
495 1244 797 1329 vicissitudinesque
820 1246 1059 1331 cognovissent,
1081 1266 1139 1331 111·ί

116 1334 237 1420 spicati
265 1335 374 1399 essent
401 1333 545 1417 aliquam
571 1333 780 1400 excellentem
803 1354 873 1399 esse
896 1337 1131 1418 praestantem·

117 1445 180 1508 que
203 1426 369 1506 naturam,
396 1443 479 1507 quac
502 1421 582 1487 haec
605 1421 780 1506 effecisset,
807 1425 966 1507 moveret,
993 1425 1134 1509 regeret,

116 1512 326 1598 gubernaret.
372 1508 434 1586 Qui
466 1509 595 1575 etiamsi
627 1510 781 1575 aberrant
808 1510 1005 1594 coniectura,
1036 1508 1130 1575 video

73 1620 101 1661 re
115 1606 241 1684 tamen,
258 1600 336 1684 quid
354 1602 547 1683 sequantur3
569 1602 606 1663 tu
625 1598 711 1683 quod
730 1619 811 1685 opus
830 1599 961 1663 tandem
975 1618 1132 1685 magnum

116 1694 152 1754 et
182 1687 352 1774 egregium
381 1687 497 1771 habes,
527 1687 613 1772 quod
641 1687 791 1752 effectum
819 1686 929 1752 divina
955 1691 1064 1752 mente
1086 1686 1131 1751 vi·

116 1778 244 1860 deatum,
267 1798 306 1841 ex
325 1797 389 1860 quo
409 1797 480 1841 esse
499 1775 576 1841 deos
594 1775 779 1861 suspicere?
811 1775 992 1860 Habebam,
1014 1774 1131 1859 inquis,

115 1867 153 1932 in
172 1864 282 1931 animo
301 1864 436 1930 insitam
454 1863 719 1930 informationem
733 1863 896 1949 quandam
911 1864 970 1929 dei.
1001 1864 1046 1930 Et
1060 1864 1132 1928 bar·

115 1950 189 2020 bati
208 1953 339 2039 quidem
357 1952 455 2037 Iovis,
476 1954 625 2039 galeatae
643 1952 822 2036 Minervae3
843 1973 921 2018 num
939 1952 1043 2039 igitur
1061 1973 1131 2018 esse

74 2064 103 2104 ao
118 2044 199 2109 talis
218 2042 338 2129 putas?
366 2039 494 2117 Quanto
513 2042 630 2106 melius
647 2040 728 2107 haec
745 2043 864 2127 vulgus
881 2041 1118 2126 imperitorum,
1133 2059 1147 2106 1
1170 2059 1182 2107 1

118 2132 176 2218 qni
206 2152 274 2196 non
305 2130 452 2196 membra
483 2130 589 2195 solum
620 2129 762 2196 hominis
795 2130 853 2195 deo
881 2130 1042 2214 tribuent,
1074 2130 1131 2195 sed

117 2242 214 2286 usum
238 2219 338 2284 etiam
361 2218 590 2284 membrorum.
625 2217 716 2284 Dant
734 2218 819 2285 enim
838 2239 957 2303 arcum,
981 2219 1131 2305 sagittas,

116 2309 265 2391 hastam,
297 2308 451 2393 clipeum,
481 2306 656 2389 fuscinam,
687 2306 825 2388 fulmen,
858 2310 892 2372 et
918 2307 959 2391 si,
987 2308 1130 2372 actiones

118 2416 202 2482 qnae
230 2396 298 2462 sint
325 2395 471 2478 deorum,
498 2417 565 2461 non
592 2395 715 2479 vident,
741 2395 825 2460 nihil
847 2399 999 2481 agentem
1020 2398 1131 2461 tamen

75 2505 104 2546 as
120 2487 217 2551 deum
231 2506 299 2550 non
312 2487 434 2570 queunt
448 2484 602 2571 cogitare.
638 2482 716 2569 Ipsi,
730 2484 786 2567 qui
799 2483 988 2569 inridentur,
1001 2483 1131 2571 Aegyp·

117 2575 159 2639 tii
186 2574 312 2638 nullam
339 2573 471 2638 beluam
492 2572 557 2637 nisi
580 2572 622 2638 ob
647 2572 790 2656 aliquam
812 2571 1005 2657 utilitatem,
1033 2594 1131 2657 quam
1222 2644 1226 2650 ,

118 2685 158 2729 ex
184 2684 224 2728 ea
246 2664 411 2747 caperent,
438 2665 722 2744 consecraverunt3
749 2660 841 2726 velut
861 2661 932 2726 ibes
955 2661 1131 2726 maximam

117 2752 187 2817 vim
219 2749 419 2835 serpentium
451 2748 638 2834 conficiunt,
669 2771 743 2815 cum
774 2748 842 2814 sint
873 2770 949 2815 aves
977 2750 1131 2832 excelsae,

118 2838 268 2907 cruribus
295 2838 424 2926 rigidis,
454 2859 570 2904 corneo
598 2859 797 2923 proceroque
825 2842 948 2922 rostro,
979 2841 1132 2904 avertunt

76 2947 104 2987 ³0
141 2932 245 2994 estem
269 2926 311 2992 ab
330 2925 492 3013 Aegypto,
515 2947 588 2992 cum
610 2926 751 2992 volucris
775 2926 892 3012 anguis
915 2948 954 2992 ex
975 2927 1132 2993 vastitate

116 2952 242 3101 bibyae
271 3019 370 3082 vento
393 3015 506 3082 Africo
532 3015 679 3081 invectas
705 3014 906 3080 interficiunt
933 3018 1031 3100 atque
1059 3038 1132 3082 eon·

118 3107 266 3188 sumunt3
289 3125 328 3170 ex
352 3126 416 3189 quo
438 3104 486 3189 fit,
508 3107 547 3168 ut
567 3104 646 3169 illae
667 3125 727 3169 nec
750 3124 861 3169 morsu
881 3103 975 3169 vivae
992 3108 1132 3170 noceant

116 3215 176 3260 nec
205 3193 304 3260 odore
332 3196 489 3259 mortuae.
534 3191 673 3258 Possum
700 3191 740 3257 de
766 3191 1017 3259 ichneumonum
1045 3193 1132 3258 utili·

117 3286 198 3367 tate,
221 3282 261 3347 de
279 3281 524 3366 crocodilorum,
548 3282 586 3347 de
604 3280 740 3347 faelium
758 3280 872 3364 dicere,
891 3281 948 3346 sed
964 3282 1042 3347 nolo
1062 3303 1132 3347 esse
1146 3284 1200 3335 ”³1³

78 3371 249 3459 ”longus-
290 3369 344 3436 lta
366 3369 564 3454 concludam,
586 3373 698 3436 tamen
720 3369 834 3435 beluas
854 3391 874 3434 a
891 3369 1041 3434 barbaris
1059 3364 1132 3455 pio
1214 3416 1219 3427 ι

117 3466 193 3546 pter
219 3458 412 3525 beneficium
441 3460 662 3542 consecratas,
694 3460 879 3523 vestrorum
906 3456 1039 3522 deorum
1066 3478 1133 3522 non
1211 3490 1214 3497 ·

117 3547 216 3615 modo
235 3547 426 3614 beneficium
444 3546 573 3612 nullum
592 3551 711 3630 extare,
730 3545 846 3611 sedne
864 3545 988 3610 facturn
1002 3544 1131 3628 quidem
