<?xml version="1.0" encoding="UTF-8"?>
<!DOCTYPE html PUBLIC "-//W3C//DTD XHTML 1.0 Transitional//EN"
    "http://www.w3.org/TR/xhtml1/DTD/xhtml1-transitional.dtd">
<html xmlns="http://www.w3.org/1999/xhtml" xml:lang="en" lang="en">
 <head>
  <title>
</title>
<meta http-equiv="Content-Type" content="text/html;charset=utf-8" />
  <meta name='ocr-system' content='tesseract 3.04.00' />
  <meta name='ocr-capabilities' content='ocr_page ocr_carea ocr_par ocr_line ocrx_word'/>
</head>
<body>
  <div class='ocr_page' id='page_1' title='image "./mtulliiciceroni00salegoog_0322.png"; bbox 0 0 2654 3924; ppageno 0'>
   <div class='ocr_carea' id='block_1_1' title="bbox 320 205 1139 273">
    <p class='ocr_par' dir='ltr' id='par_1_1' title="bbox 320 205 1139 273">
     <span class='ocr_line' id='line_1_1' title="bbox 320 205 1139 273; baseline 0.002 -14"><span class='ocrx_word' id='word_1_1' title='bbox 320 205 396 262; x_wconf 76' lang='lat' dir='ltr'><strong>one.</strong></span> <span class='ocrx_word' id='word_1_2' title='bbox 418 212 459 273; x_wconf 76' lang='lat' dir='ltr'><strong>io,</strong></span> <span class='ocrx_word' id='word_1_3' title='bbox 478 211 520 262; x_wconf 80' lang='lat'><strong>20.</strong></span> <span class='ocrx_word' id='word_1_4' title='bbox 539 213 554 272; x_wconf 74' lang='lat' dir='ltr'><strong>s</strong></span> <span class='ocrx_word' id='word_1_5' title='bbox 572 211 686 262; x_wconf 69' lang='lat'><strong>432-48.</strong></span> <span class='ocrx_word' id='word_1_6' title='bbox 711 205 943 260; x_wconf 72' lang='lat' dir='ltr'><strong>namneum.</strong></span> <span class='ocrx_word' id='word_1_7' title='bbox 1074 205 1139 269; x_wconf 84' lang='lat'><strong>269</strong></span> 
     </span>
    </p>
   </div>
   <div class='ocr_carea' id='block_1_2' title="bbox 3 347 1202 2983">
    <p class='ocr_par' dir='ltr' id='par_1_2' title="bbox 131 347 1139 437">
     <span class='ocr_line' id='line_1_2' title="bbox 131 347 1139 437; baseline -0.002 -21"><span class='ocrx_word' id='word_1_8' title='bbox 131 350 338 437; x_wconf 82' lang='lat' dir='ltr'><strong>praesidium.</strong></span> <span class='ocrx_word' id='word_1_9' title='bbox 377 349 600 434; x_wconf 78' lang='lat' dir='ltr'><strong>‘Declinat&#39;,</strong></span> <span class='ocrx_word' id='word_1_10' title='bbox 623 350 738 435; x_wconf 86' lang='lat' dir='ltr'><strong>inquit,</strong></span> <span class='ocrx_word' id='word_1_11' title='bbox 761 347 953 415; x_wconf 77' lang='lat' dir='ltr'><strong>‘atomus’.</strong></span> <span class='ocrx_word' id='word_1_12' title='bbox 993 347 1139 414; x_wconf 88' lang='lat' dir='ltr'><strong>Primum</strong></span> 
     </span>
    </p>

    <p class='ocr_par' dir='ltr' id='par_1_3' title="bbox 132 438 1140 524">
     <span class='ocr_line' id='line_1_3' title="bbox 132 438 1140 524; baseline -0.003 -19"><span class='ocrx_word' id='word_1_13' title='bbox 132 440 210 505; x_wconf 78' lang='lat' dir='ltr'><strong>our?</strong></span> <span class='ocrx_word' id='word_1_14' title='bbox 234 440 333 505; x_wconf 88' lang='lat' dir='ltr'><strong>aliam</strong></span> <span class='ocrx_word' id='word_1_15' title='bbox 356 439 442 504; x_wconf 91' lang='lat' dir='ltr'><strong>enim</strong></span> <span class='ocrx_word' id='word_1_16' title='bbox 466 439 628 524; x_wconf 88' lang='lat' dir='ltr'><strong>quendam</strong></span> <span class='ocrx_word' id='word_1_17' title='bbox 646 439 713 504; x_wconf 84' lang='lat' dir='ltr'><strong>vim</strong></span> <span class='ocrx_word' id='word_1_18' title='bbox 730 442 839 504; x_wconf 90' lang='lat' dir='ltr'><strong>motus</strong></span> <span class='ocrx_word' id='word_1_19' title='bbox 857 438 1023 503; x_wconf 89' lang='lat' dir='ltr'><strong>habebant</strong></span> <span class='ocrx_word' id='word_1_20' title='bbox 1041 460 1061 502; x_wconf 89' lang='lat' dir='ltr'><strong>a</strong></span> <span class='ocrx_word' id='word_1_21' title='bbox 1079 438 1140 503; x_wconf 81' lang='lat' dir='ltr'><strong>De</strong></span> 
     </span>
    </p>

    <p class='ocr_par' dir='ltr' id='par_1_4' title="bbox 133 526 1139 613">
     <span class='ocr_line' id='line_1_4' title="bbox 133 526 1139 613; baseline -0.002 -21"><span class='ocrx_word' id='word_1_22' title='bbox 133 527 269 594; x_wconf 86' lang='lat' dir='ltr'><strong>mocrito</strong></span> <span class='ocrx_word' id='word_1_23' title='bbox 292 527 496 613; x_wconf 81' lang='lat' dir='ltr'><strong>impulsionis,</strong></span> <span class='ocrx_word' id='word_1_24' title='bbox 522 549 619 612; x_wconf 86' lang='lat' dir='ltr'><strong>quam</strong></span> <span class='ocrx_word' id='word_1_25' title='bbox 642 527 777 613; x_wconf 81' lang='lat' dir='ltr'><strong>plagam</strong></span> <span class='ocrx_word' id='word_1_26' title='bbox 799 526 1033 612; x_wconf 81' lang='lat' dir='ltr'><strong>ille&#39;appellat‚</strong></span> <span class='ocrx_word' id='word_1_27' title='bbox 1056 548 1075 591; x_wconf 88' lang='lat' dir='ltr'><strong>a</strong></span> <span class='ocrx_word' id='word_1_28' title='bbox 1098 530 1139 609; x_wconf 88' lang='lat' dir='ltr'><strong>te,</strong></span> 
     </span>
    </p>

    <p class='ocr_par' dir='ltr' id='par_1_5' title="bbox 4 614 1141 703">
     <span class='ocr_line' id='line_1_5' title="bbox 4 614 1141 703; baseline 0 -23"><span class='ocrx_word' id='word_1_29' title='bbox 4 694 5 697; x_wconf 8' lang='grc' dir='ltr'><strong>Ἴ</strong></span> <span class='ocrx_word' id='word_1_30' title='bbox 133 616 280 702; x_wconf 79' lang='lat' dir='ltr'><strong>Epicure,</strong></span> <span class='ocrx_word' id='word_1_31' title='bbox 299 615 472 703; x_wconf 79' lang='lat' dir='ltr'><strong>gravitatis</strong></span> <span class='ocrx_word' id='word_1_32' title='bbox 492 619 525 681; x_wconf 91' lang='lat' dir='ltr'><strong>et</strong></span> <span class='ocrx_word' id='word_1_33' title='bbox 543 615 704 700; x_wconf 84' lang='lat' dir='ltr'><strong>ponderis.</strong></span> <span class='ocrx_word' id='word_1_34' title='bbox 736 614 824 692; x_wconf 84' lang='lat' dir='ltr'><strong>Quae</strong></span> <span class='ocrx_word' id='word_1_35' title='bbox 843 636 921 699; x_wconf 82' lang='lat' dir='ltr'><strong>ergo</strong></span> <span class='ocrx_word' id='word_1_36' title='bbox 939 636 1026 680; x_wconf 87' lang='lat' dir='ltr'><strong>nova</strong></span> <span class='ocrx_word' id='word_1_37' title='bbox 1043 636 1141 680; x_wconf 86' lang='lat' dir='ltr'><strong>causa</strong></span> 
     </span>
    </p>

    <p class='ocr_par' dir='ltr' id='par_1_6' title="bbox 92 704 1202 1144">
     <span class='ocr_line' id='line_1_6' title="bbox 92 704 1140 789; baseline -0.001 -21"><span class='ocrx_word' id='word_1_38' title='bbox 92 723 105 761; x_wconf 74' lang='lat' dir='ltr'><strong>o</strong></span> <span class='ocrx_word' id='word_1_39' title='bbox 132 706 167 768; x_wconf 90' lang='lat' dir='ltr'><strong>in</strong></span> <span class='ocrx_word' id='word_1_40' title='bbox 193 709 313 770; x_wconf 88' lang='lat' dir='ltr'><strong>natura</strong></span> <span class='ocrx_word' id='word_1_41' title='bbox 335 708 400 789; x_wconf 86' lang='lat' dir='ltr'><strong>est,</strong></span> <span class='ocrx_word' id='word_1_42' title='bbox 427 725 509 789; x_wconf 80' lang='lat' dir='ltr'><strong>quae</strong></span> <span class='ocrx_word' id='word_1_43' title='bbox 533 704 672 771; x_wconf 86' lang='lat' dir='ltr'><strong>declinet</strong></span> <span class='ocrx_word' id='word_1_44' title='bbox 695 704 861 769; x_wconf 75' lang='lat' dir='ltr'><strong>atomum?</strong></span> <span class='ocrx_word' id='word_1_45' title='bbox 894 706 952 768; x_wconf 91' lang='lat' dir='ltr'><strong>aut</strong></span> <span class='ocrx_word' id='word_1_46' title='bbox 972 724 1050 768; x_wconf 89' lang='lat' dir='ltr'><strong>num</strong></span> <span class='ocrx_word' id='word_1_47' title='bbox 1074 725 1140 768; x_wconf 87' lang='lat' dir='ltr'><strong>sor-</strong></span> 
     </span>
     <span class='ocr_line' id='line_1_7' title="bbox 132 791 1140 877; baseline 0 -21"><span class='ocrx_word' id='word_1_48' title='bbox 132 793 259 858; x_wconf 89' lang='lat' dir='ltr'><strong>tiuntur</strong></span> <span class='ocrx_word' id='word_1_49' title='bbox 285 793 371 857; x_wconf 87' lang='lat' dir='ltr'><strong>inter</strong></span> <span class='ocrx_word' id='word_1_50' title='bbox 399 814 448 876; x_wconf 85' lang='lat' dir='ltr'><strong>se,</strong></span> <span class='ocrx_word' id='word_1_51' title='bbox 480 814 563 877; x_wconf 88' lang='lat' dir='ltr'><strong>quae</strong></span> <span class='ocrx_word' id='word_1_52' title='bbox 590 792 742 875; x_wconf 85' lang='lat' dir='ltr'><strong>declinet,</strong></span> <span class='ocrx_word' id='word_1_53' title='bbox 773 814 856 876; x_wconf 85' lang='lat' dir='ltr'><strong>quoe</strong></span> <span class='ocrx_word' id='word_1_54' title='bbox 881 791 970 857; x_wconf 77' lang='lat' dir='ltr'><strong>non?</strong></span> <span class='ocrx_word' id='word_1_55' title='bbox 1002 795 1059 856; x_wconf 89' lang='lat' dir='ltr'><strong>aut</strong></span> <span class='ocrx_word' id='word_1_56' title='bbox 1085 812 1140 856; x_wconf 86' lang='lat' dir='ltr'><strong>cur</strong></span> 
     </span>
     <span class='ocr_line' id='line_1_8' title="bbox 134 880 1140 966; baseline 0 -21"><span class='ocrx_word' id='word_1_57' title='bbox 134 881 266 946; x_wconf 88' lang='lat' dir='ltr'><strong>minimo</strong></span> <span class='ocrx_word' id='word_1_58' title='bbox 290 881 453 946; x_wconf 88' lang='lat' dir='ltr'><strong>declinent</strong></span> <span class='ocrx_word' id='word_1_59' title='bbox 474 880 659 966; x_wconf 84' lang='lat' dir='ltr'><strong>intervallo,</strong></span> <span class='ocrx_word' id='word_1_60' title='bbox 682 880 804 946; x_wconf 84' lang='lat' dir='ltr'><strong>maiore</strong></span> <span class='ocrx_word' id='word_1_61' title='bbox 826 881 914 946; x_wconf 80' lang='lat' dir='ltr'><strong>non?</strong></span> <span class='ocrx_word' id='word_1_62' title='bbox 938 883 995 946; x_wconf 88' lang='lat' dir='ltr'><strong>aut</strong></span> <span class='ocrx_word' id='word_1_63' title='bbox 1015 902 1072 946; x_wconf 86' lang='lat' dir='ltr'><strong>cur</strong></span> <span class='ocrx_word' id='word_1_64' title='bbox 1090 880 1140 945; x_wconf 90' lang='lat' dir='ltr'><strong>de·</strong></span> 
     </span>
     <span class='ocr_line' id='line_1_9' title="bbox 132 969 1202 1054; baseline 0.001 -21"><span class='ocrx_word' id='word_1_65' title='bbox 132 970 254 1034; x_wconf 90' lang='lat' dir='ltr'><strong>clinent</strong></span> <span class='ocrx_word' id='word_1_66' title='bbox 276 991 341 1035; x_wconf 91' lang='lat' dir='ltr'><strong>uno</strong></span> <span class='ocrx_word' id='word_1_67' title='bbox 363 969 508 1054; x_wconf 78' lang='lat' dir='ltr'><strong>minimo,</strong></span> <span class='ocrx_word' id='word_1_68' title='bbox 529 990 596 1035; x_wconf 91' lang='lat' dir='ltr'><strong>non</strong></span> <span class='ocrx_word' id='word_1_69' title='bbox 613 969 775 1035; x_wconf 84' lang='lat' dir='ltr'><strong>declinent</strong></span> <span class='ocrx_word' id='word_1_70' title='bbox 794 969 918 1034; x_wconf 85' lang='lat' dir='ltr'><strong>duobus</strong></span> <span class='ocrx_word' id='word_1_71' title='bbox 937 972 994 1034; x_wconf 89' lang='lat' dir='ltr'><strong>aut</strong></span> <span class='ocrx_word' id='word_1_72' title='bbox 1013 969 1140 1034; x_wconf 82' lang='lat' dir='ltr'><strong>tribus?</strong></span> <span class='ocrx_word' id='word_1_73' title='bbox 1198 969 1202 976; x_wconf 83' lang='grc'><strong>’</strong></span> 
     </span>
     <span class='ocr_line' id='line_1_10' title="bbox 133 1055 1191 1144; baseline -0.003 -21"><span class='ocrx_word' id='word_1_74' title='bbox 133 1058 253 1144; x_wconf 86' lang='lat' dir='ltr'><strong>Optare</strong></span> <span class='ocrx_word' id='word_1_75' title='bbox 281 1057 343 1123; x_wconf 90' lang='lat' dir='ltr'><strong>hoo</strong></span> <span class='ocrx_word' id='word_1_76' title='bbox 371 1058 500 1143; x_wconf 91' lang='lat' dir='ltr'><strong>quidem</strong></span> <span class='ocrx_word' id='word_1_77' title='bbox 528 1062 591 1141; x_wconf 86' lang='lat' dir='ltr'><strong>est,</strong></span> <span class='ocrx_word' id='word_1_78' title='bbox 618 1079 684 1123; x_wconf 91' lang='lat' dir='ltr'><strong>non</strong></span> <span class='ocrx_word' id='word_1_79' title='bbox 707 1058 882 1142; x_wconf 88' lang='lat' dir='ltr'><strong>disputare.</strong></span> <span class='ocrx_word' id='word_1_80' title='bbox 927 1055 1014 1122; x_wconf 91' lang='lat' dir='ltr'><strong>Nam</strong></span> <span class='ocrx_word' id='word_1_81' title='bbox 1036 1079 1140 1143; x_wconf 89' lang='lat' dir='ltr'><strong>neque</strong></span> <span class='ocrx_word' id='word_1_82' title='bbox 1159 1074 1191 1121; x_wconf 74' lang='lat'><strong>47</strong></span> 
     </span>
    </p>

    <p class='ocr_par' dir='ltr' id='par_1_7' title="bbox 3 1138 1141 1586">
     <span class='ocr_line' id='line_1_11' title="bbox 3 1138 1140 1232; baseline -0.001 -20"><span class='ocrx_word' id='word_1_83' title='bbox 3 1138 8 1155; x_wconf 84' lang='lat'>&#39;</span> <span class='ocrx_word' id='word_1_84' title='bbox 95 1164 119 1203; x_wconf 87' lang='lat'><strong>10</strong></span> <span class='ocrx_word' id='word_1_85' title='bbox 134 1147 332 1212; x_wconf 82' lang='lat' dir='ltr'><strong>extrinsecus</strong></span> <span class='ocrx_word' id='word_1_86' title='bbox 350 1146 514 1232; x_wconf 82' lang='lat' dir='ltr'><strong>inpulsam</strong></span> <span class='ocrx_word' id='word_1_87' title='bbox 533 1150 679 1212; x_wconf 89' lang='lat' dir='ltr'><strong>atomum</strong></span> <span class='ocrx_word' id='word_1_88' title='bbox 697 1147 769 1212; x_wconf 86' lang='lat' dir='ltr'><strong>loco</strong></span> <span class='ocrx_word' id='word_1_89' title='bbox 788 1147 910 1212; x_wconf 84' lang='lat' dir='ltr'><strong>moveri</strong></span> <span class='ocrx_word' id='word_1_90' title='bbox 929 1150 963 1211; x_wconf 93' lang='lat' dir='ltr'><strong>et</strong></span> <span class='ocrx_word' id='word_1_91' title='bbox 981 1145 1140 1212; x_wconf 87' lang='lat' dir='ltr'><strong>declinare</strong></span> 
     </span>
     <span class='ocr_line' id='line_1_12' title="bbox 133 1234 1140 1320; baseline 0 -21"><span class='ocrx_word' id='word_1_92' title='bbox 133 1235 226 1319; x_wconf 83' lang='lat' dir='ltr'><strong>dicis,</strong></span> <span class='ocrx_word' id='word_1_93' title='bbox 253 1256 356 1320; x_wconf 91' lang='lat' dir='ltr'><strong>neque</strong></span> <span class='ocrx_word' id='word_1_94' title='bbox 383 1235 418 1299; x_wconf 93' lang='lat' dir='ltr'><strong>in</strong></span> <span class='ocrx_word' id='word_1_95' title='bbox 444 1235 504 1300; x_wconf 94' lang='lat' dir='ltr'><strong>illo</strong></span> <span class='ocrx_word' id='word_1_96' title='bbox 531 1234 634 1319; x_wconf 80' lang='lat' dir='ltr'><strong>inani,</strong></span> <span class='ocrx_word' id='word_1_97' title='bbox 661 1256 719 1319; x_wconf 86' lang='lat' dir='ltr'><strong>per</strong></span> <span class='ocrx_word' id='word_1_98' title='bbox 746 1234 832 1319; x_wconf 88' lang='lat' dir='ltr'><strong>quod</strong></span> <span class='ocrx_word' id='word_1_99' title='bbox 854 1234 979 1300; x_wconf 85' lang='lat' dir='ltr'><strong>feratur</strong></span> <span class='ocrx_word' id='word_1_100' title='bbox 1002 1238 1140 1319; x_wconf 86' lang='lat' dir='ltr'><strong>atomus,</strong></span> 
     </span>
     <span class='ocr_line' id='line_1_13' title="bbox 133 1322 1141 1410; baseline 0 -22"><span class='ocrx_word' id='word_1_101' title='bbox 133 1325 306 1409; x_wconf 86' lang='lat' dir='ltr'><strong>quicquam</strong></span> <span class='ocrx_word' id='word_1_102' title='bbox 331 1323 433 1389; x_wconf 85' lang='lat' dir='ltr'><strong>fuisse</strong></span> <span class='ocrx_word' id='word_1_103' title='bbox 460 1345 588 1408; x_wconf 84' lang='lat' dir='ltr'><strong>causae,</strong></span> <span class='ocrx_word' id='word_1_104' title='bbox 616 1346 672 1389; x_wconf 89' lang='lat' dir='ltr'><strong>cur</strong></span> <span class='ocrx_word' id='word_1_105' title='bbox 700 1346 739 1388; x_wconf 88' lang='lat' dir='ltr'><strong>ea</strong></span> <span class='ocrx_word' id='word_1_106' title='bbox 760 1345 826 1389; x_wconf 90' lang='lat' dir='ltr'><strong>non</strong></span> <span class='ocrx_word' id='word_1_107' title='bbox 849 1346 866 1388; x_wconf 89' lang='lat' dir='ltr'><strong>e</strong></span> <span class='ocrx_word' id='word_1_108' title='bbox 889 1324 1022 1410; x_wconf 76' lang='lat' dir='ltr'>regione</span> <span class='ocrx_word' id='word_1_109' title='bbox 1043 1322 1141 1388; x_wconf 78' lang='lat' dir='ltr'><strong>ferre</strong></span> 
     </span>
     <span class='ocr_line' id='line_1_14' title="bbox 132 1411 1141 1498; baseline -0.001 -21"><span class='ocrx_word' id='word_1_110' title='bbox 132 1418 195 1498; x_wconf 79' lang='lat' dir='ltr'><strong>tur,</strong></span> <span class='ocrx_word' id='word_1_111' title='bbox 217 1434 276 1478; x_wconf 89' lang='lat' dir='ltr'><strong>neo</strong></span> <span class='ocrx_word' id='word_1_112' title='bbox 298 1412 334 1478; x_wconf 90' lang='lat' dir='ltr'><strong>in</strong></span> <span class='ocrx_word' id='word_1_113' title='bbox 355 1412 429 1498; x_wconf 87' lang='lat' dir='ltr'><strong>ipsa</strong></span> <span class='ocrx_word' id='word_1_114' title='bbox 451 1417 560 1478; x_wconf 91' lang='lat' dir='ltr'><strong>atomo</strong></span> <span class='ocrx_word' id='word_1_115' title='bbox 583 1411 775 1477; x_wconf 76' lang='lat' dir='ltr'><strong>mutationis</strong></span> <span class='ocrx_word' id='word_1_116' title='bbox 798 1411 922 1497; x_wconf 88' lang='lat' dir='ltr'><strong>aliquid</strong></span> <span class='ocrx_word' id='word_1_117' title='bbox 939 1411 1062 1478; x_wconf 87' lang='lat' dir='ltr'><strong>factum</strong></span> <span class='ocrx_word' id='word_1_118' title='bbox 1082 1416 1141 1497; x_wconf 87' lang='lat' dir='ltr'><strong>est,</strong></span> 
     </span>
     <span class='ocr_line' id='line_1_15' title="bbox 133 1501 1140 1586; baseline 0 -20"><span class='ocrx_word' id='word_1_119' title='bbox 133 1524 231 1585; x_wconf 89' lang='lat' dir='ltr'><strong>quam</strong></span> <span class='ocrx_word' id='word_1_120' title='bbox 254 1501 296 1566; x_wconf 93' lang='lat' dir='ltr'><strong>ob</strong></span> <span class='ocrx_word' id='word_1_121' title='bbox 320 1522 390 1566; x_wconf 87' lang='lat' dir='ltr'><strong>rem</strong></span> <span class='ocrx_word' id='word_1_122' title='bbox 412 1501 595 1567; x_wconf 76' lang='lat' dir='ltr'>naturalem</span> <span class='ocrx_word' id='word_1_123' title='bbox 618 1505 745 1567; x_wconf 90' lang='lat' dir='ltr'><strong>motum</strong></span> <span class='ocrx_word' id='word_1_124' title='bbox 768 1501 818 1567; x_wconf 90' lang='lat' dir='ltr'><strong>sui</strong></span> <span class='ocrx_word' id='word_1_125' title='bbox 841 1501 992 1586; x_wconf 89' lang='lat' dir='ltr'><strong>ponderis</strong></span> <span class='ocrx_word' id='word_1_126' title='bbox 1011 1522 1077 1567; x_wconf 89' lang='lat' dir='ltr'><strong>non</strong></span> <span class='ocrx_word' id='word_1_127' title='bbox 1095 1505 1140 1566; x_wconf 89' lang='lat' dir='ltr'><strong>te·</strong></span> 
     </span>
    </p>

    <p class='ocr_par' dir='ltr' id='par_1_8' title="bbox 95 1587 1190 2028">
     <span class='ocr_line' id='line_1_16' title="bbox 95 1587 1140 1674; baseline 0.001 -20"><span class='ocrx_word' id='word_1_128' title='bbox 95 1606 119 1645; x_wconf 82' lang='lat'><strong>1⁵</strong></span> <span class='ocrx_word' id='word_1_129' title='bbox 133 1593 233 1657; x_wconf 83' lang='lat' dir='ltr'><strong>neret.</strong></span> <span class='ocrx_word' id='word_1_130' title='bbox 269 1587 323 1654; x_wconf 88' lang='lat' dir='ltr'><strong>Ita</strong></span> <span class='ocrx_word' id='word_1_131' title='bbox 344 1610 416 1655; x_wconf 90' lang='lat' dir='ltr'><strong>oum</strong></span> <span class='ocrx_word' id='word_1_132' title='bbox 441 1589 608 1655; x_wconf 86' lang='lat' dir='ltr'><strong>attulisset</strong></span> <span class='ocrx_word' id='word_1_133' title='bbox 630 1590 755 1655; x_wconf 87' lang='lat' dir='ltr'><strong>nullam</strong></span> <span class='ocrx_word' id='word_1_134' title='bbox 779 1611 918 1673; x_wconf 83' lang='lat' dir='ltr'><strong>oausam,</strong></span> <span class='ocrx_word' id='word_1_135' title='bbox 942 1612 1023 1674; x_wconf 89' lang='lat' dir='ltr'><strong>quae</strong></span> <span class='ocrx_word' id='word_1_136' title='bbox 1041 1589 1140 1655; x_wconf 87' lang='lat' dir='ltr'><strong>istam</strong></span> 
     </span>
     <span class='ocr_line' id='line_1_17' title="bbox 132 1677 1140 1763; baseline -0.001 -20"><span class='ocrx_word' id='word_1_137' title='bbox 132 1678 380 1744; x_wconf 76' lang='lat' dir='ltr'><strong>declinationem</strong></span> <span class='ocrx_word' id='word_1_138' title='bbox 408 1677 563 1762; x_wconf 86' lang='lat' dir='ltr'><strong>efficeret,</strong></span> <span class='ocrx_word' id='word_1_139' title='bbox 590 1681 700 1746; x_wconf 87' lang='lat' dir='ltr'><strong>tamen</strong></span> <span class='ocrx_word' id='word_1_140' title='bbox 727 1678 850 1763; x_wconf 87' lang='lat' dir='ltr'><strong>aliquid</strong></span> <span class='ocrx_word' id='word_1_141' title='bbox 878 1677 942 1743; x_wconf 88' lang='lat' dir='ltr'><strong>sibi</strong></span> <span class='ocrx_word' id='word_1_142' title='bbox 968 1678 1073 1744; x_wconf 87' lang='lat' dir='ltr'><strong>dicere</strong></span> <span class='ocrx_word' id='word_1_143' title='bbox 1095 1677 1140 1742; x_wconf 88' lang='lat' dir='ltr'><strong>vi-</strong></span> 
     </span>
     <span class='ocr_line' id='line_1_18' title="bbox 133 1766 1141 1853; baseline 0.002 -22"><span class='ocrx_word' id='word_1_144' title='bbox 133 1767 234 1851; x_wconf 84' lang='lat' dir='ltr'><strong>detur,</strong></span> <span class='ocrx_word' id='word_1_145' title='bbox 257 1789 331 1832; x_wconf 90' lang='lat' dir='ltr'><strong>oum</strong></span> <span class='ocrx_word' id='word_1_146' title='bbox 348 1766 382 1832; x_wconf 91' lang='lat' dir='ltr'><strong>id</strong></span> <span class='ocrx_word' id='word_1_147' title='bbox 401 1767 496 1852; x_wconf 86' lang='lat' dir='ltr'><strong>dicat,</strong></span> <span class='ocrx_word' id='word_1_148' title='bbox 515 1766 764 1852; x_wconf 89' lang='lat' dir='ltr'><strong>quodomnium</strong></span> <span class='ocrx_word' id='word_1_149' title='bbox 783 1770 908 1832; x_wconf 88' lang='lat' dir='ltr'><strong>mentes</strong></span> <span class='ocrx_word' id='word_1_150' title='bbox 926 1771 1141 1853; x_wconf 74' lang='lat' dir='ltr'><strong>aspernentur</strong></span> 
     </span>
     <span class='ocr_line' id='line_1_19' title="bbox 133 1854 1190 1941; baseline -0.003 -20"><span class='ocrx_word' id='word_1_151' title='bbox 133 1877 170 1921; x_wconf 89' lang='lat' dir='ltr'><strong>ac</strong></span> <span class='ocrx_word' id='word_1_152' title='bbox 200 1859 365 1941; x_wconf 86' lang='lat' dir='ltr'><strong>respuant.</strong></span> <span class='ocrx_word' id='word_1_153' title='bbox 410 1854 479 1921; x_wconf 90' lang='lat' dir='ltr'><strong>Neo</strong></span> <span class='ocrx_word' id='word_1_154' title='bbox 511 1876 588 1921; x_wconf 84' lang='lat' dir='ltr'><strong>vero</strong></span> <span class='ocrx_word' id='word_1_155' title='bbox 616 1855 788 1940; x_wconf 87' lang='lat' dir='ltr'><strong>quisquam</strong></span> <span class='ocrx_word' id='word_1_156' title='bbox 815 1855 922 1941; x_wconf 83' lang='lat' dir='ltr'><strong>magis</strong></span> <span class='ocrx_word' id='word_1_157' title='bbox 949 1856 1139 1921; x_wconf 86' lang='lat' dir='ltr'><strong>confirmare</strong></span> <span class='ocrx_word' id='word_1_158' title='bbox 1158 1871 1190 1918; x_wconf 80' lang='lat'><strong>48</strong></span> 
     </span>
     <span class='ocr_line' id='line_1_20' title="bbox 132 1942 1140 2028; baseline 0.001 -20"><span class='ocrx_word' id='word_1_159' title='bbox 132 1944 213 2010; x_wconf 91' lang='lat' dir='ltr'><strong>mihi</strong></span> <span class='ocrx_word' id='word_1_160' title='bbox 240 1944 368 2010; x_wconf 87' lang='lat' dir='ltr'><strong>videtur</strong></span> <span class='ocrx_word' id='word_1_161' title='bbox 394 1966 461 2010; x_wconf 88' lang='lat' dir='ltr'><strong>non</strong></span> <span class='ocrx_word' id='word_1_162' title='bbox 483 1942 721 2028; x_wconf 78' lang='lat' dir='ltr'><strong>modulatum,</strong></span> <span class='ocrx_word' id='word_1_163' title='bbox 748 1966 860 2010; x_wconf 90' lang='lat' dir='ltr'><strong>verum</strong></span> <span class='ocrx_word' id='word_1_164' title='bbox 883 1943 982 2011; x_wconf 86' lang='lat' dir='ltr'><strong>etiam</strong></span> <span class='ocrx_word' id='word_1_165' title='bbox 1004 1944 1140 2011; x_wconf 86' lang='lat' dir='ltr'><strong>necessi·</strong></span> 
     </span>
    </p>

    <p class='ocr_par' dir='ltr' id='par_1_9' title="bbox 93 2032 1140 2474">
     <span class='ocr_line' id='line_1_21' title="bbox 93 2032 1139 2118; baseline 0.002 -22"><span class='ocrx_word' id='word_1_166' title='bbox 93 2047 119 2087; x_wconf 78' lang='lat'><strong>20</strong></span> <span class='ocrx_word' id='word_1_167' title='bbox 133 2037 236 2098; x_wconf 88' lang='lat' dir='ltr'><strong>tatem</strong></span> <span class='ocrx_word' id='word_1_168' title='bbox 255 2037 289 2098; x_wconf 92' lang='lat' dir='ltr'><strong>et</strong></span> <span class='ocrx_word' id='word_1_169' title='bbox 305 2032 372 2098; x_wconf 87' lang='lat' dir='ltr'><strong>vim</strong></span> <span class='ocrx_word' id='word_1_170' title='bbox 387 2033 531 2099; x_wconf 91' lang='lat' dir='ltr'><strong>omnium</strong></span> <span class='ocrx_word' id='word_1_171' title='bbox 545 2053 654 2098; x_wconf 85' lang='lat' dir='ltr'><strong>rerum</strong></span> <span class='ocrx_word' id='word_1_172' title='bbox 669 2032 902 2118; x_wconf 84' lang='lat' dir='ltr'><strong>sustulisseque</strong></span> <span class='ocrx_word' id='word_1_173' title='bbox 916 2037 1025 2099; x_wconf 90' lang='lat' dir='ltr'><strong>motus</strong></span> <span class='ocrx_word' id='word_1_174' title='bbox 1040 2033 1139 2099; x_wconf 87' lang='lat' dir='ltr'><strong>animi</strong></span> 
     </span>
     <span class='ocr_line' id='line_1_22' title="bbox 133 2121 1140 2207; baseline 0.001 -22"><span class='ocrx_word' id='word_1_175' title='bbox 133 2121 349 2206; x_wconf 81' lang='lat' dir='ltr'><strong>voluntarios,</strong></span> <span class='ocrx_word' id='word_1_176' title='bbox 379 2143 476 2207; x_wconf 88' lang='lat' dir='ltr'><strong>quam</strong></span> <span class='ocrx_word' id='word_1_177' title='bbox 498 2121 567 2206; x_wconf 81' lang='lat' dir='ltr'><strong>hic,</strong></span> <span class='ocrx_word' id='word_1_178' title='bbox 590 2121 645 2206; x_wconf 89' lang='lat' dir='ltr'><strong>qui</strong></span> <span class='ocrx_word' id='word_1_179' title='bbox 669 2121 764 2187; x_wconf 87' lang='lat' dir='ltr'><strong>aliter</strong></span> <span class='ocrx_word' id='word_1_180' title='bbox 786 2121 945 2187; x_wconf 86' lang='lat' dir='ltr'><strong>obsistere</strong></span> <span class='ocrx_word' id='word_1_181' title='bbox 966 2121 1036 2186; x_wconf 85' lang='lat' dir='ltr'><strong>fato</strong></span> <span class='ocrx_word' id='word_1_182' title='bbox 1059 2121 1140 2187; x_wconf 85' lang='lat' dir='ltr'><strong>fate·</strong></span> 
     </span>
     <span class='ocr_line' id='line_1_23' title="bbox 132 2209 1140 2296; baseline 0.002 -23"><span class='ocrx_word' id='word_1_183' title='bbox 132 2215 186 2275; x_wconf 86' lang='lat' dir='ltr'><strong>tur</strong></span> <span class='ocrx_word' id='word_1_184' title='bbox 214 2231 248 2276; x_wconf 89' lang='lat' dir='ltr'><strong>se</strong></span> <span class='ocrx_word' id='word_1_185' title='bbox 270 2232 337 2276; x_wconf 89' lang='lat' dir='ltr'><strong>non</strong></span> <span class='ocrx_word' id='word_1_186' title='bbox 358 2211 518 2296; x_wconf 84' lang='lat' dir='ltr'><strong>potuisse,</strong></span> <span class='ocrx_word' id='word_1_187' title='bbox 545 2209 609 2275; x_wconf 91' lang='lat' dir='ltr'><strong>nisi</strong></span> <span class='ocrx_word' id='word_1_188' title='bbox 633 2209 673 2275; x_wconf 89' lang='lat' dir='ltr'><strong>ad</strong></span> <span class='ocrx_word' id='word_1_189' title='bbox 695 2211 756 2276; x_wconf 87' lang='lat' dir='ltr'><strong>has</strong></span> <span class='ocrx_word' id='word_1_190' title='bbox 779 2209 1021 2278; x_wconf 86' lang='lat' dir='ltr'><strong>commenticias</strong></span> <span class='ocrx_word' id='word_1_191' title='bbox 1045 2209 1140 2276; x_wconf 92' lang='lat' dir='ltr'><strong>decli·</strong></span> 
     </span>
     <span class='ocr_line' id='line_1_24' title="bbox 131 2297 1139 2386; baseline 0.002 -23"><span class='ocrx_word' id='word_1_192' title='bbox 131 2298 281 2364; x_wconf 90' lang='lat' dir='ltr'><strong>nationes</strong></span> <span class='ocrx_word' id='word_1_193' title='bbox 299 2299 508 2386; x_wconf 81' lang='lat' dir='ltr'><strong>confugisset.</strong></span> <span class='ocrx_word' id='word_1_194' title='bbox 528 2297 635 2384; x_wconf 70' lang='lat' dir='ltr'><strong>Nam,</strong></span> <span class='ocrx_word' id='word_1_195' title='bbox 649 2298 1139 2385; x_wconf 59' lang='lat' dir='ltr'><strong>utessentatomisquas‘qui-</strong></span> 
     </span>
     <span class='ocr_line' id='line_1_25' title="bbox 133 2387 1138 2474; baseline 0.001 -22"><span class='ocrx_word' id='word_1_196' title='bbox 133 2387 205 2453; x_wconf 91' lang='lat' dir='ltr'><strong>dem</strong></span> <span class='ocrx_word' id='word_1_197' title='bbox 241 2409 311 2453; x_wconf 85' lang='lat' dir='ltr'><strong>ease</strong></span> <span class='ocrx_word' id='word_1_198' title='bbox 343 2387 424 2453; x_wconf 91' lang='lat' dir='ltr'><strong>mihi</strong></span> <span class='ocrx_word' id='word_1_199' title='bbox 454 2387 588 2474; x_wconf 86' lang='lat' dir='ltr'><strong>probari</strong></span> <span class='ocrx_word' id='word_1_200' title='bbox 617 2388 709 2453; x_wconf 91' lang='lat' dir='ltr'><strong>nullo</strong></span> <span class='ocrx_word' id='word_1_201' title='bbox 740 2387 837 2453; x_wconf 90' lang='lat' dir='ltr'><strong>modo</strong></span> <span class='ocrx_word' id='word_1_202' title='bbox 869 2390 993 2473; x_wconf 80' lang='lat' dir='ltr'><strong>potest,</strong></span> <span class='ocrx_word' id='word_1_203' title='bbox 1028 2391 1138 2453; x_wconf 89' lang='lat' dir='ltr'><strong>tamen</strong></span> 
     </span>
    </p>

    <p class='ocr_par' dir='ltr' id='par_1_10' title="bbox 92 2475 1138 2916">
     <span class='ocr_line' id='line_1_26' title="bbox 92 2475 1138 2561; baseline 0.001 -21"><span class='ocrx_word' id='word_1_204' title='bbox 92 2491 119 2531; x_wconf 73' lang='lat'><strong>2⁵</strong></span> <span class='ocrx_word' id='word_1_205' title='bbox 133 2475 364 2542; x_wconf 79' lang='lat' dir='ltr'><strong>declinationes</strong></span> <span class='ocrx_word' id='word_1_206' title='bbox 391 2476 475 2541; x_wconf 86' lang='lat' dir='ltr'><strong>istae</strong></span> <span class='ocrx_word' id='word_1_207' title='bbox 501 2498 678 2561; x_wconf 91' lang='lat' dir='ltr'><strong>numquam</strong></span> <span class='ocrx_word' id='word_1_208' title='bbox 706 2476 951 2561; x_wconf 81' lang='lat' dir='ltr'><strong>explicarentur.</strong></span> <span class='ocrx_word' id='word_1_209' title='bbox 995 2475 1082 2542; x_wconf 89' lang='lat' dir='ltr'><strong>Nam</strong></span> <span class='ocrx_word' id='word_1_210' title='bbox 1110 2478 1138 2541; x_wconf 89' lang='lat' dir='ltr'><strong>si</strong></span> 
     </span>
     <span class='ocr_line' id='line_1_27' title="bbox 133 2563 1138 2651; baseline 0.003 -23"><span class='ocrx_word' id='word_1_211' title='bbox 133 2563 259 2648; x_wconf 84' lang='lat' dir='ltr'><strong>atomis,</strong></span> <span class='ocrx_word' id='word_1_212' title='bbox 281 2568 318 2629; x_wconf 90' lang='lat' dir='ltr'><strong>ut</strong></span> <span class='ocrx_word' id='word_1_213' title='bbox 342 2564 504 2651; x_wconf 79' lang='lat' dir='ltr'><strong>gravitate</strong></span> <span class='ocrx_word' id='word_1_214' title='bbox 522 2563 677 2649; x_wconf 82' lang='lat' dir='ltr'><strong>ferantur,</strong></span> <span class='ocrx_word' id='word_1_215' title='bbox 699 2565 859 2631; x_wconf 86' lang='lat' dir='ltr'><strong>tributum</strong></span> <span class='ocrx_word' id='word_1_216' title='bbox 878 2569 928 2631; x_wconf 86' lang='lat' dir='ltr'><strong>est</strong></span> <span class='ocrx_word' id='word_1_217' title='bbox 945 2565 1138 2631; x_wconf 85' lang='lat' dir='ltr'><strong>necessitate</strong></span> 
     </span>
     <span class='ocr_line' id='line_1_28' title="bbox 132 2652 1137 2740; baseline 0.004 -24"><span class='ocrx_word' id='word_1_218' title='bbox 132 2656 281 2737; x_wconf 84' lang='lat' dir='ltr'><strong>naturae,</strong></span> <span class='ocrx_word' id='word_1_219' title='bbox 309 2652 395 2737; x_wconf 90' lang='lat' dir='ltr'><strong>quod</strong></span> <span class='ocrx_word' id='word_1_220' title='bbox 422 2674 517 2717; x_wconf 92' lang='lat' dir='ltr'><strong>omne</strong></span> <span class='ocrx_word' id='word_1_221' title='bbox 544 2653 669 2738; x_wconf 88' lang='lat' dir='ltr'><strong>pondus</strong></span> <span class='ocrx_word' id='word_1_222' title='bbox 692 2653 784 2719; x_wconf 87' lang='lat' dir='ltr'><strong>nulla</strong></span> <span class='ocrx_word' id='word_1_223' title='bbox 806 2675 841 2718; x_wconf 88' lang='lat' dir='ltr'><strong>re</strong></span> <span class='ocrx_word' id='word_1_224' title='bbox 863 2653 1048 2740; x_wconf 87' lang='lat' dir='ltr'><strong>inpediente</strong></span> <span class='ocrx_word' id='word_1_225' title='bbox 1071 2676 1137 2720; x_wconf 90' lang='lat' dir='ltr'><strong>mo·</strong></span> 
     </span>
     <span class='ocr_line' id='line_1_29' title="bbox 132 2740 1137 2827; baseline 0.004 -24"><span class='ocrx_word' id='word_1_226' title='bbox 132 2743 247 2804; x_wconf 83' lang='lat' dir='ltr'><strong>veatur</strong></span> <span class='ocrx_word' id='word_1_227' title='bbox 265 2745 298 2805; x_wconf 90' lang='lat' dir='ltr'><strong>et</strong></span> <span class='ocrx_word' id='word_1_228' title='bbox 315 2740 439 2806; x_wconf 85' lang='lat' dir='ltr'><strong>feratur</strong></span> <span class='ocrx_word' id='word_1_229' title='bbox 457 2762 587 2806; x_wconf 86' lang='lat' dir='ltr'><strong>neeesse</strong></span> <span class='ocrx_word' id='word_1_230' title='bbox 606 2744 665 2824; x_wconf 88' lang='lat' dir='ltr'><strong>est,</strong></span> <span class='ocrx_word' id='word_1_231' title='bbox 683 2741 765 2806; x_wconf 89' lang='lat' dir='ltr'><strong>illud</strong></span> <span class='ocrx_word' id='word_1_232' title='bbox 783 2763 910 2827; x_wconf 90' lang='lat' dir='ltr'><strong>quoque</strong></span> <span class='ocrx_word' id='word_1_233' title='bbox 928 2764 1058 2808; x_wconf 89' lang='lat' dir='ltr'><strong>necesse</strong></span> <span class='ocrx_word' id='word_1_234' title='bbox 1077 2747 1137 2827; x_wconf 83' lang='lat' dir='ltr'><strong>est,</strong></span> 
     </span>
     <span class='ocr_line' id='line_1_30' title="bbox 133 2827 1138 2916; baseline 0.004 -24"><span class='ocrx_word' id='word_1_235' title='bbox 133 2827 310 2912; x_wconf 87' lang='lat' dir='ltr'><strong>declinare,</strong></span> <span class='ocrx_word' id='word_1_236' title='bbox 333 2828 525 2914; x_wconf 87' lang='lat' dir='ltr'><strong>quibusdam</strong></span> <span class='ocrx_word' id='word_1_237' title='bbox 548 2829 666 2895; x_wconf 88' lang='lat' dir='ltr'><strong>atomis</strong></span> <span class='ocrx_word' id='word_1_238' title='bbox 691 2831 757 2913; x_wconf 83' lang='lat' dir='ltr'><strong>vel,</strong></span> <span class='ocrx_word' id='word_1_239' title='bbox 787 2830 816 2895; x_wconf 90' lang='lat' dir='ltr'><strong>si</strong></span> <span class='ocrx_word' id='word_1_240' title='bbox 837 2831 965 2916; x_wconf 79' lang='lat' dir='ltr'><strong>volunt,</strong></span> <span class='ocrx_word' id='word_1_241' title='bbox 988 2831 1138 2896; x_wconf 87' lang='lat' dir='ltr'><strong>omnibus</strong></span> 
     </span>
    </p>

    <p class='ocr_par' dir='ltr' id='par_1_11' title="bbox 94 2917 409 2983">
     <span class='ocr_line' id='line_1_31' title="bbox 94 2917 409 2983; baseline 0.006 -2"><span class='ocrx_word' id='word_1_242' title='bbox 94 2934 119 2973; x_wconf 76' lang='lat'><strong>³⁰</strong></span> <span class='ocrx_word' id='word_1_243' title='bbox 133 2917 342 2983; x_wconf 85' lang='lat' dir='ltr'><strong>naturaliter.</strong></span> <span class='ocrx_word' id='word_1_244' title='bbox 356 2968 364 2982; x_wconf 90' lang='lat'><strong>.</strong></span> <span class='ocrx_word' id='word_1_245' title='bbox 378 2966 386 2983; x_wconf 88' lang='lat'><strong>.</strong></span> <span class='ocrx_word' id='word_1_246' title='bbox 400 2965 409 2983; x_wconf 90' lang='lat'><strong>.</strong></span> 
     </span>
    </p>
   </div>
   <div class='ocr_carea' id='block_1_3' title="bbox 441 3107 831 3303">
    <p class='ocr_par' dir='ltr' id='par_1_12' title="bbox 441 3107 831 3303">
     <span class='ocr_line' id='line_1_32' title="bbox 441 3107 831 3192; baseline 0 -1"><span class='ocrx_word' id='word_1_247' title='bbox 441 3107 831 3192; x_wconf 75' lang='lat' dir='ltr'><strong>FRAGMENTA</strong></span> 
     </span>
     <span class='ocr_line' id='line_1_33' title="bbox 503 3239 770 3303; baseline 0 -4"><span class='ocrx_word' id='word_1_248' title='bbox 503 3239 770 3303; x_wconf 78' lang='lat' dir='ltr'><strong>nmusumm.</strong></span> 
     </span>
    </p>
   </div>
   <div class='ocr_carea' id='block_1_4' title="bbox 25 3359 1137 3622">
    <p class='ocr_par' dir='ltr' id='par_1_13' title="bbox 25 3359 1137 3622">
     <span class='ocr_line' id='line_1_34' title="bbox 202 3359 1136 3442; baseline 0.003 -17"><span class='ocrx_word' id='word_1_249' title='bbox 202 3360 229 3425; x_wconf 93' lang='lat' dir='ltr'><strong>l.</strong></span> <span class='ocrx_word' id='word_1_250' title='bbox 253 3359 372 3426; x_wconf 79' lang='lat' dir='ltr'><strong>Gellius</strong></span> <span class='ocrx_word' id='word_1_251' title='bbox 397 3364 475 3425; x_wconf 81' lang='lat' dir='ltr'><strong>noct.</strong></span> <span class='ocrx_word' id='word_1_252' title='bbox 498 3360 592 3425; x_wconf 75' lang='lat' dir='ltr'><strong>Aue.</strong></span> <span class='ocrx_word' id='word_1_253' title='bbox 620 3359 693 3425; x_wconf 85' lang='lat' dir='ltr'><strong>VII</strong></span> <span class='ocrx_word' id='word_1_254' title='bbox 709 3362 804 3426; x_wconf 83' lang='lat'><strong>2.15</strong></span> <span class='ocrx_word' id='word_1_255' title='bbox 830 3359 941 3442; x_wconf 68' lang='lat' dir='ltr'><strong>Imque</strong></span> <span class='ocrx_word' id='word_1_256' title='bbox 962 3360 1011 3425; x_wconf 86' lang='lat' dir='ltr'><strong>M.</strong></span> <span class='ocrx_word' id='word_1_257' title='bbox 1034 3359 1136 3428; x_wconf 77' lang='lat' dir='ltr'><strong>Cicero</strong></span> 
     </span>
     <span class='ocr_line' id='line_1_35' title="bbox 131 3448 1137 3531; baseline 0.002 -19"><span class='ocrx_word' id='word_1_258' title='bbox 131 3449 167 3512; x_wconf 82' lang='lat' dir='ltr'><strong>in</strong></span> <span class='ocrx_word' id='word_1_259' title='bbox 186 3449 271 3528; x_wconf 79' lang='lat' dir='ltr'><strong>libro,</strong></span> <span class='ocrx_word' id='word_1_260' title='bbox 288 3470 377 3531; x_wconf 74' lang='lat' dir='ltr'><strong>quern</strong></span> <span class='ocrx_word' id='word_1_261' title='bbox 394 3449 431 3515; x_wconf 83' lang='lat' dir='ltr'><strong>de</strong></span> <span class='ocrx_word' id='word_1_262' title='bbox 445 3448 514 3530; x_wconf 80' lang='lat' dir='ltr'><strong>foto</strong></span> <span class='ocrx_word' id='word_1_263' title='bbox 531 3450 717 3531; x_wconf 79' lang='lat' dir='ltr'><strong>conscripsit,</strong></span> <span class='ocrx_word' id='word_1_264' title='bbox 734 3469 804 3513; x_wconf 84' lang='lat' dir='ltr'><strong>cum</strong></span> <span class='ocrx_word' id='word_1_265' title='bbox 820 3450 1026 3531; x_wconf 64' lang='lat' dir='ltr'><strong>quueaionen</strong></span> <span class='ocrx_word' id='word_1_266' title='bbox 1043 3451 1137 3515; x_wconf 79' lang='lat' dir='ltr'><strong>istum</strong></span> 
     </span>
     <span class='ocr_line' id='line_1_36' title="bbox 25 3536 1135 3622; baseline 0.006 -25"><span class='ocrx_word' id='word_1_267' title='bbox 25 3592 27 3597; x_wconf 89' lang='lat'><strong>.</strong></span> <span class='ocrx_word' id='word_1_268' title='bbox 131 3539 241 3603; x_wconf 81' lang='lat' dir='ltr'><strong>diceret</strong></span> <span class='ocrx_word' id='word_1_269' title='bbox 269 3539 514 3605; x_wconf 82' lang='lat' dir='ltr'><strong>obscurissimum</strong></span> <span class='ocrx_word' id='word_1_270' title='bbox 541 3557 602 3604; x_wconf 84' lang='lat' dir='ltr'><strong>esse</strong></span> <span class='ocrx_word' id='word_1_271' title='bbox 627 3543 657 3603; x_wconf 85' lang='lat' dir='ltr'><strong>et</strong></span> <span class='ocrx_word' id='word_1_272' title='bbox 682 3537 963 3619; x_wconf 77' lang='lat' dir='ltr'><strong>inplicatissimom,</strong></span> <span class='ocrx_word' id='word_1_273' title='bbox 992 3536 1135 3622; x_wconf 71' lang='lat' dir='ltr'><strong>Chrysip</strong></span> 
     </span>
    </p>
   </div>
   <div class='ocr_carea' id='block_1_5' title="bbox 0 0 1335 3924">
    <p class='ocr_par' dir='ltr' id='par_1_14' title="bbox 0 0 1335 3924">
     <span class='ocr_line' id='line_1_37' title="bbox 0 0 1335 3924; baseline 0 0"><span class='ocrx_word' id='word_1_274' title='bbox 0 0 1335 3924; x_wconf 95' lang='lat' dir='ltr'><strong> </strong></span> 
     </span>
    </p>
   </div>
  </div>
 </body>
</html>
