2654 3912
260 215 271 235 '
402 196 861 281 Llss.111.oAP.1-3.,sr4e.
1070 216 1135 279 433

132 365 165 426 et
182 361 314 426 notiora
331 361 436 445 nobis,
454 383 565 426 omnes
585 361 737 445 antiquae
757 364 870 446 gentes
888 360 1020 444 regibus
1040 381 1138 443 quon-

133 450 207 514 dam
231 454 418 534 paruerunt.
462 448 554 525 Quod
578 470 679 534 genus
702 449 832 533 imperii
854 448 995 533 primum
1019 447 1060 512 ad
1082 447 1138 511 ho·

132 538 235 602 mines
258 539 454 602 iustissimos
478 541 511 613 et
529 537 786 622 sapientissimos
805 537 1010 601 deferebatur
1029 532 1138 620 (idque

134 629 198 708 [ut]
221 627 256 690 in
278 648 313 690 re
336 627 467 711 publica
488 630 602 691 nostra
624 626 763 691 maxime
783 625 898 709 valuit,
919 624 1026 709 quoad
1044 624 1073 688 ei
1092 646 1139 688 re·

107 734 120 774 5
135 715 218 801 galis
237 718 384 799 potestas
402 713 567 801 praefuit),
585 714 698 779 deinde
718 715 817 778 etiam
836 713 985 798 deinceps
999 713 1139 797 posteris

133 803 339 888 prodebatur,
363 804 449 888 quod
473 805 532 884 [et]
556 802 590 867 in
612 802 653 867 iis
678 803 786 886 etiam,
810 803 866 886 qui
887 823 973 867 nune
991 804 1140 886 regnant,

134 896 252 956 manet.
294 889 416 966 Quibus
435 896 545 957 autem
563 891 654 977 regia
671 894 818 976 potestas
836 912 902 955 non
920 889 1052 974 placuit,
1074 911 1141 954 non

134 981 158 1044 ii
180 980 310 1062 nemini,
334 980 478 1045 sednon
501 1002 628 1064 semper
650 979 707 1044 uni
725 1001 838 1063 parere
857 979 1038 1045 voluerunt.
1069 976 1140 1042 Nos

136 1072 245 1133 autem
268 1069 420 1153 quoniam
444 1070 533 1153 leges
557 1069 670 1133 damus
693 1068 806 1133 liberis
828 1068 972 1153 populis,
996 1088 1140 1151 quaeque

96 1178 121 1216 ιο
135 1158 173 1220 de
203 1157 328 1241 optima
356 1179 391 1222 re
419 1157 551 1242 publica
574 1156 781 1240 sentiremus,
810 1156 846 1220 in
869 1178 924 1221 sex
947 1156 1041 1220 libris
1065 1158 1140 1219 ante

135 1245 282 1329 diximus,
301 1246 614 1311 accommodabimus
633 1244 696 1310 hoc
714 1248 860 1329 tempore
878 1244 968 1330 leges
983 1244 1023 1308 ad
1037 1243 1140 1327 illum,

135 1355 230 1417 quem
248 1335 433 1418 probamus,
451 1333 593 1399 civitatis
614 1336 744 1398 statum.
776 1332 1024 1419 Magistratibus
1038 1332 1141 1418 igitur
1159 1344 1175 1394 o

135 1443 215 1506 opus
246 1425 325 1506 est,
342 1422 410 1487 sine
441 1444 578 1505 quorum
606 1421 779 1507 prudentia
808 1444 846 1487 ao
874 1420 1044 1507 diligentia
1071 1442 1141 1485 esse

134 1510 249 1575 civitas
272 1532 338 1574 non
360 1514 483 1594 potest,
512 1532 711 1596 quorumque
734 1510 943 1594 discriptione
966 1508 1071 1574 omnis
1094 1507 1142 1573 rei

96 1598 284 1683 republicae
303 1599 482 1664 moderatio
502 1600 693 1664 continetur.
724 1597 838 1683 Neque
857 1598 962 1663 solum
981 1597 1032 1662 his
1051 1618 1141 1682 prae·

135 1687 321 1751 scribendus
345 1691 395 1752 est
417 1687 606 1773 imperandi,
630 1687 685 1752 sed
709 1687 808 1751 etiam
831 1687 954 1752 civibus
978 1687 1141 1769 obtempe

134 1774 228 1839 randi
250 1775 378 1858 modus3
406 1798 483 1840 nam
505 1780 539 1841 et
562 1775 618 1860 qui
640 1776 722 1840 bene
744 1775 893 1861 imperat,
915 1774 1060 1859 paruerit
1084 1774 1140 1839 ali·

135 1863 263 1946 quando
282 1885 411 1929 neeesse
431 1866 489 1948 est,
512 1864 619 1950 etqui
637 1863 782 1931 modeste
801 1867 905 1947 paret,
927 1863 1063 1946 videtur,
1086 1861 1141 1946 qui

136 1952 308 2036 aliquando
341 1951 492 2037 imperet,
525 1952 641 2038 dignus
674 1974 753 2016 esse.
798 1950 913 2034 Itaque
946 1954 1076 2036 oportet
1108 1954 1141 2014 et

96 2061 122 2098 κο
137 2062 223 2124 eum,
247 2040 302 2123 qui
324 2044 431 2125 paret,
455 2062 584 2125 sperare
608 2062 642 2105 se
666 2041 774 2124 aliquo
797 2044 944 2124 tempore
966 2039 1141 2124 imperatu-

136 2151 207 2192 rum
238 2132 271 2192 et
299 2128 407 2213 illum,
437 2129 493 2212 qui
519 2129 672 2213 imperat,
702 2128 847 2214 cogitare
874 2127 966 2193 brevi
995 2131 1142 2212 tempore

136 2217 199 2282 sibi
221 2239 291 2283 esse
314 2217 499 2302 parendum.
540 2217 608 2283 Nec
629 2239 706 2283 vero
730 2219 835 2282 solum
857 2220 895 2281 ut
918 2216 1143 2301 obtemperent

136 2306 372 2390 oboediantque
399 2306 661 2392 magistratibus,
689 2306 744 2370 sed
772 2305 870 2371 etiarn
894 2308 931 2369 ut
954 2326 1009 2370 eos
1032 2305 1142 2369 colant

137 2395 347 2479 diligantque,
370 2394 629 2479 praescribimus,
653 2398 690 2459 ut
709 2392 897 2459 Charondae
920 2393 955 2457 in
977 2393 1044 2458 suis
1062 2392 1142 2459 facit

96 2501 121 2540 as
136 2482 276 2566 legibus,
302 2488 413 2547 noster
440 2505 517 2547 vero
540 2481 635 2547 Plato
659 2482 812 2547 Titanum
839 2504 857 2547 e
885 2503 1002 2568 genere
1025 2481 1142 2546 statuit

136 2591 204 2653 eoa,
228 2570 296 2653 qui,
319 2573 357 2634 ut
378 2570 429 2632 illi
452 2570 658 2654 caelestibus,
682 2570 727 2635 sic
749 2570 785 2635 hi
808 2570 1018 2635 adversentur
1040 2569 1142 2656 magi-

136 2657 301 2721 stratibus,
348 2654 436 2731 Quae
464 2679 563 2741 quom
589 2659 637 2722 ita
664 2659 744 2743 sint,
776 2659 817 2724 ad
843 2659 931 2743 ipsas
958 2658 1025 2722 iam
1051 2659 1141 2743 leges

136 2745 311 2827 veniamus,
335 2745 363 2808 si
385 2747 501 2830 placet.
536 2746 612 2813 Aru
635 2746 717 2811 Mihi
739 2769 816 2813 vero
840 2751 874 2812 et
895 2746 983 2812 istud
1006 2750 1040 2812 et
1062 2747 1141 2811 ordo

136 2833 198 2897 iste
221 2855 328 2897 rerum
351 2834 466 2918 placet.

96 2938 123 2978 ⁸0
202 2922 249 2986 M.
281 2921 390 2987 Iusta
421 2922 583 3007 imperia
616 2927 742 3007 sunto,
778 2923 903 3007 iisque
935 2923 1039 2990 cives
1067 2894 1182 2988 mo·3

137 3010 244 3074 deste
264 3033 305 3075 ac
325 3011 406 3075 sine
424 3010 670 3076 recusatione
688 3016 864 3095 parent03
883 3012 1140 3097 magistratus
1160 2973 1176 3019 6
1210 3089 1211 3092 ¹

135 3120 202 3163 nec
226 3098 495 3163 oboedientem
519 3103 556 3163 et
578 3098 733 3163 noxium
756 3100 876 3165 civem
899 3102 1034 3183 multa,
1061 3102 1142 3165 vin-

136 3187 235 3251 culis
262 3188 540 3252 verberibusve
568 3187 788 3271 coherceto,
818 3188 858 3252 ni
880 3211 949 3272 par
971 3190 1141 3254 maiorve

135 3279 313 3359 potestas
341 3276 557 3361 populusve
583 3275 838 3361 prohibessit,
866 3276 911 3341 ad
939 3299 1033 3360 quos
1056 3300 1142 3362 pro·

96 3365 288 3429 revocatio
317 3368 409 3430 esto.
455 3363 572 3441 Quom
600 3365 834 3450 magitratus
857 3365 1064 3430 iudicassit
1086 3367 1142 3430 in·

135 3453 369 3538 rogassitve,
392 3476 458 3539 per
479 3453 664 3539 populum
688 3453 831 3518 multae
854 3475 1000 3538 poenae
1019 3459 1141 3518 certa·

135 3541 190 3605 tio
222 3547 312 3606 esto.
358 3542 527 3608 Militiae
557 3542 603 3607 ab
632 3563 687 3625 e0,
718 3542 782 3626 qui
805 3540 1029 3627 imperabit,
1056 3563 1142 3626 pro·

189 3655 332 3696 merua.
894 3650 928 3698 28
