2654 3912
408 178 477 233 ΜΒ.
496 180 530 233 11.
555 177 631 231 car.
651 185 731 232 2-4.
754 182 866 243 54-8.
1070 174 1136 238 407

128 329 200 389 tum
232 323 460 409 conplectitur,
492 322 577 407 quod
608 321 689 387 satis
713 320 756 385 sit
778 321 924 403 modicae
945 320 1138 406 palaestrae,

129 413 207 496 loci3
230 434 293 496 quo
318 412 440 495 effecto,
463 415 631 495 tamquam
653 410 687 475 id
709 409 861 474 habuerit
884 408 990 493 operis
1015 431 1052 472 ac
1070 415 1138 472 mu·⁴

128 500 231 583 neris,
253 504 290 564 ut
312 499 396 565 hanc
418 499 513 564 nobis
538 498 680 564 efficeret
702 497 810 563 sedem
834 497 875 562 ad
898 495 1138 581 disputandum,

130 587 244 653 statim
266 587 461 673 praecipitat
483 587 518 651 in
535 585 645 652 Lirem
668 590 710 670 et,
734 585 827 671 quasi
848 586 883 650 in
904 584 1065 650 familiam
1082 606 1138 669 pa·

102 676 259 742 otriciam
289 675 428 759 venerit,
461 675 585 740 amittit
616 697 735 740 nomen
767 673 934 740 obscurius
965 672 1137 756 Liremque

130 764 234 830 multo
259 764 448 851 gelidiorem
470 763 563 849 facit3
585 785 644 829 nee
668 763 754 829 enim
776 763 881 828 ullum
902 762 965 828 hoc
986 760 1137 848 frigidius

129 853 250 919 flumen
273 852 380 938 attigi,
403 874 501 938 quom
524 852 565 917 ad
585 852 689 917 multa
708 850 907 933 accesserim,
929 854 967 915 ut
984 849 1040 914 vix
1056 849 1137 934 pede
1228 874 1231 879 ’

129 945 291 1027 temptare
319 940 352 1006 id
378 940 516 1026 possim,
547 939 633 1026 quod
659 939 695 1005 in
716 939 864 1006 Phaedro
887 937 1035 1004 Platonis
1058 937 1138 1003 facit

129 1028 288 1096 Socrates.
324 1031 373 1095 M.
395 1029 457 1094 Est
484 1050 560 1095 vero
588 1029 650 1112 ita3
677 1028 733 1094 sed
760 1032 871 1093 tamen
897 1026 972 1092 huic
996 1026 1173 1092 amoeni-'1

90 1137 116 1177 ιο
129 1118 205 1202 tati,
230 1141 324 1202 quem
348 1140 387 1183 ex
410 1115 530 1194 Quinto
553 1139 649 1202 saepe
673 1116 781 1201 audio,
806 1115 961 1200 Thyamis
983 1114 1137 1199 Epirotes

129 1211 205 1272 tuus
228 1207 285 1271 ille
308 1206 399 1290 nihil,
424 1205 773 1291 opinor,·eoneesserit.
812 1204 846 1285 Q.
869 1204 931 1269 Est
952 1204 1010 1287 ita,
1033 1207 1070 1269 ut
1093 1202 1138 1267 di·

130 1295 190 1380 cis3
213 1317 289 1361 eave
313 1295 399 1359 enim
421 1298 516 1379 putes
539 1292 644 1360 Attici
665 1293 771 1360 nostri
789 1292 959 1358 Amalthio
982 1292 1138 1377 platanis-

75 1455 78 1459 ,
130 1406 192 1470 que
218 1383 285 1448 illis
310 1382 481 1469 quicquam
505 1405 574 1448 esse
597 1382 804 1468 praeclarius.
847 1379 922 1466 Sed,
951 1381 980 1445 si
1001 1380 1138 1464 videtur,

130 1471 335 1539 considemus
362 1470 415 1537 hic
433 1471 476 1536 ‘in
502 1471 619 1536 umbra
644 1474 741 1556 atque
765 1470 805 1535 ad
829 1472 1051 1556 campartem
1075 1490 1138 1534 ser-

89 1577 116 1619 1⁶
131 1561 249 1645 monis,
277 1582 316 1625 ex
339 1581 404 1645 qua
426 1559 549 1646 egressi
572 1581 696 1644 sumus,
718 1562 928 1623 revertamur.
972 1558 1021 1622 M.
1043 1555 1139 1622 Prac-

130 1649 216 1715 clare
244 1647 361 1735 exigis,
389 1646 520 1730 Quinte,
548 1645 597 1732 (at
623 1669 684 1734 ego
708 1647 859 1732 effugisse
883 1644 1082 1731 arbitrabar)
1106 1647 1138 1709 et

129 1737 191 1802 tibi
214 1738 331 1802 horum
353 1735 436 1800 nihil
455 1736 564 1801 deberi
581 1739 699 1821 potest.
737 1734 772 1816 Q.
791 1733 905 1799 Ordire
923 1733 1039 1820 igitur,
1061 1755 1138 1798 nam

129 1827 214 1891 hunc
237 1825 300 1890 tibi
322 1828 430 1890 totum
454 1824 597 1890 dicamus
621 1823 714 1888 diem.
743 1849 745 1853 ’

196 1915 244 1979 Μ.
264 1913 306 1977 Ἃ
323 1913 413 1979 Iove
432 1911 624 1978 Musarum
643 1910 882 1997 primordia',
903 1911 987 1977 sieut
1004 1909 1040 1975 in
1057 1909 1138 1975 Ara·

89 2020 116 2061 20
129 2003 177 2068 tio
201 2001 342 2069 carmine
362 2001 432 2067 orsi
451 2022 570 2066 snmus.
608 2000 642 2081 Q.
666 1999 828 2076 Quorsum
845 2000 952 2066 istuc?
984 1999 1032 2063 M.
1055 1997 1138 2074 Quia

129 2113 214 2157 nunc
245 2090 325 2155 item
357 2090 399 2156 ab
432 2089 544 2154 eodem
580 2093 613 2153 et
640 2112 659 2153 a
687 2088 802 2170 ceteris
831 2088 880 2152 dis
907 2086 1137 2152 inmortalibus

130 2183 206 2244 sunt
223 2179 319 2245 nobis
338 2178 455 2265 agendi
473 2177 628 2264 capienda
645 2175 832 2262 primordia.
856 2177 890 2258 Q.
905 2175 1036 2262 Optime
1051 2197 1138 2260 sero,
1156 2182 1174 2232 8

129 2267 241 2351 frater,
265 2271 297 2332 et
319 2267 391 2332 fieri
414 2267 460 2332 sic
483 2266 582 2332 decet.

195 2357 244 2422 M.
266 2354 443 2420 Videamus
465 2355 567 2442 igitur
588 2376 714 2439 rursus,
737 2354 828 2439 prius
852 2376 950 2439 quam
973 2351 1176 2438 adgredia-11

90 2460 117 2503 2⁵
131 2467 204 2510 mur
236 2444 276 2510 ad
308 2445 398 2531 leges
431 2443 591 2530 singulas,
623 2443 691 2507 vim
717 2440 933 2527 naturamque
959 2441 1056 2528 legis,
1087 2462 1138 2524 ne,

131 2555 229 2618 quom
258 2531 425 2598 referenda
454 2531 521 2596 sint
549 2531 589 2596 ad
616 2553 688 2596 eam
715 2531 810 2596 nobis
838 2530 961 2614 omnia,
990 2530 1139 2595 labamur

130 2621 293 2686 interdum
321 2641 430 2685 errore
458 2619 615 2684 sermonis
638 2619 889 2705 ignoremusque
912 2618 979 2683 vim
1001 2616 1138 2683 rationis

131 2710 208 2792 eius,
232 2731 296 2795 qua
318 2708 390 2773 iura
411 2707 507 2774 nobis
531 2707 711 2772 definienda
735 2707 811 2772 sint.
846 2706 880 2787 Q.
904 2705 988 2772 Sane
1009 2704 1138 2790 quidem
1196 2780 1199 2785 .

130 2797 247 2881 hercle,
270 2801 303 2862 et
326 2800 377 2861 est
399 2796 464 2861 ista
486 2799 576 2862 recta
599 2795 732 2861 docendi
754 2795 816 2860 via.
852 2795 900 2860 M.
924 2793 1017 2859 Hanc
1036 2792 1139 2880 igitur

90 2902 117 2943 ⁸0
131 2885 223 2951 video
252 2884 566 2970 sapientissimorum
592 2883 692 2948 fuisse
718 2884 929 2964 sententiam,
956 2882 1063 2969 legem
1085 2903 1138 2946 ne

131 2996 192 3061 que
210 2973 379 3040 hominum
396 2971 537 3059 ingeniis
556 2972 775 3058 excogitatam
792 2993 852 3044 nec
870 2970 988 3058 scitum
1007 2970 1138 3055 aliquod

130 3084 201 3129 esse
222 3061 428 3148 populorum,
451 3059 508 3125 sed
530 3064 698 3125 aeternum
722 3058 882 3145 quiddam,
906 3059 992 3143 quod
1013 3059 1139 3123 univer·

130 3174 202 3217 sum
236 3150 391 3216 mundum
426 3152 555 3250 regeret
590 3148 772 3233 imperandi
802 3147 1058 3233 prohibendique
1090 3169 1139 3212 sa-

129 3239 261 3325 pientia.
301 3236 355 3303 Ita
375 3237 555 3323 principem
578 3236 686 3323 legem
707 3236 801 3302 illam
824 3239 856 3301 et
878 3235 1029 3301 ultimam
1052 3257 1138 3300 men
1181 3226 1186 3289 l
1318 3242 1319 3249 ’

90 3343 116 3387 ⁸6
130 3332 198 3393 tem
230 3348 299 3393 esse
332 3325 483 3391 dicebant
514 3324 623 3390 omnia
655 3324 782 3390 ratione
814 3327 871 3389 aut
902 3323 1049 3410 cogentis
1082 3325 1139 3387 aut

129 3415 271 3481 vetantis
295 3413 359 3499 dei3
382 3435 420 3478 cx
443 3435 507 3498 quo
530 3412 589 3478 illa
612 3412 673 3497 lex,
697 3435 795 3497 quam
816 3412 849 3476 di
866 3408 1007 3477 humano
1028 3411 1136 3496 generi

130 3504 298 3588 dederunt,
324 3506 411 3568 recte
439 3506 490 3566 est
516 3501 665 3584 laudata,
694 3504 744 3566 est
767 3500 853 3566 enim
875 3500 960 3565 ratio
983 3519 1138 3582 mensque
