2654 3912
186 264 253 330 402
561 226 634 318 ¹os
652 262 808 318 neamus
932 325 934 329 ,

186 432 239 476 res
269 431 394 495 omnes,
422 413 509 493 tum,
539 409 625 495 quod
654 413 706 475 est
736 408 979 493 difficillimum,
1009 407 1133 493 docuit,
1161 412 1207 474 ut

179 503 315 565 ‘nosmet
336 500 426 586 ipsos
443 520 664 582 nosceremus;
687 497 777 564 ouius
795 497 962 584 praecepti
983 501 1079 563 tanta
1095 497 1147 563 ris
1166 502 1208 563 et

187 592 283 654 tanta
304 587 467 653 sententia
490 591 553 671 est,
582 591 619 652 ut
642 608 681 652 ea
702 608 770 652 non
791 586 917 652 homini
940 586 1118 671 quoipiam,
1143 586 1206 651 sed

133 687 168 738 69
187 675 347 761 Delphico
371 677 430 742 deo
450 676 657 741 tribueretur.
694 673 780 740 Nam
800 675 856 760 qui
875 696 909 739 re
927 674 997 761 ipse
1015 674 1112 759 norit,
1135 675 1206 761 pri·

186 787 276 830 mum
303 764 427 850 aliquid
457 786 491 829 se
513 764 634 830 habere
658 764 777 828 sentiet
800 763 946 829 divinum
967 762 1234 849 ingeniumquea

185 854 221 919 in
244 874 278 919 se
302 875 395 918 suum
419 852 502 918 sicut
525 852 734 918 simulacrum
757 851 890 938 aliquod
909 851 1051 917 dicatum
1068 851 1206 937 putabit

186 946 344 1028 tantoque
376 961 508 1006 munere
535 940 668 1006 deorum
697 961 824 1026 semper
853 939 987 1026 dignum
1015 939 1139 1025 aliquid
1166 944 1206 1005 et

185 1031 286 1096 faciet
308 1034 341 1095 et
365 1031 484 1094 sentiet
506 1033 554 1113 et,
583 1051 682 1115 quom
705 1051 740 1094 se
762 1029 832 1114 ipse
854 1028 1058 1115 perspexerit
1079 1032 1131 1094 tot
1190 1065 1205 1076 ·

188 1141 250 1204 que
272 1118 458 1203 temptant,
484 1118 671 1205 intelleget,
700 1139 794 1202 quem
819 1116 860 1182 ad
883 1116 1015 1182 modum
1038 1139 1059 1182 a
1080 1121 1204 1182 natura

188 1207 384 1272 subornatus
416 1206 452 1270 in
482 1206 586 1272 vitam
613 1206 739 1271 venerit
767 1209 954 1292 quantaque
980 1206 1204 1271 instrumenta
1218 1226 1249 1267 ιο

188 1295 309 1361 habeat
344 1294 385 1360 ad
417 1294 627 1360 obtinendam
659 1295 963 1380 adipiscendamque
995 1294 1203 1379 sapientiam,

188 1384 341 1469 quoniam
368 1383 528 1470 principio
556 1405 665 1449 rerum
693 1382 837 1448 omnium
866 1382 960 1467 quasi
988 1382 1203 1449 adumbratas

187 1472 429 1559 intellegentias
459 1472 567 1538 animo
596 1494 634 1538 ac
656 1476 764 1537 mente
788 1471 984 1557 conceperit,
1013 1471 1130 1555 quibus
1153 1471 1203 1536 in-

188 1561 339 1626 lustratia
358 1561 519 1659 sapientia
536 1561 615 1626 duce
634 1561 755 1626 bonum
772 1560 879 1626 virum
899 1563 932 1626 et
949 1560 991 1625 ob
1007 1581 1079 1625 eam
1092 1559 1203 1645 ipsam

134 1619 178 1747 {03
189 1671 320 1716 oausam
349 1653 461 1716 cernat
489 1671 524 1714 se
540 1644 685 1714 lieatum
711 1648 790 1715 fore.
835 1647 923 1713 Nam
950 1669 1048 1733 quom
1072 1648 1201 1714 animus
1216 1667 1247 1708 rs

188 1738 328 1824 cognitis
357 1738 583 1823 perceptisque
616 1737 794 1803 virtutibus
822 1758 842 1803 a
869 1736 1015 1822 corporis
1042 1737 1229 1822 obsequio„

116 1886 120 1895 ,
187 1827 454 1914 indulgentiaque
482 1826 666 1893 discesserit
692 1826 961 1911 voluptatemque
984 1824 1068 1891 sicut
1091 1826 1201 1891 labem

188 1910 332 2001 aliquam
359 1915 524 1981 dedecoris
552 1915 758 2000 oppresserit
781 1935 973 1998 omnemque
1001 1914 1117 1980 mortis
1145 1915 1200 1980 do·

188 2005 332 2089 lorisque
354 2004 506 2069 timorem
528 2003 679 2090 effugerit
705 2004 959 2088 societatemque
975 2002 1125 2068 caritatis
1149 2025 1200 2068 co·

187 2093 263 2159 ierit
281 2115 354 2158 eum
372 2092 440 2157 suis
459 2092 628 2175 omnisque
641 2095 761 2157 natura
774 2091 963 2158 coniunctos
980 2112 1056 2157 suos
1072 2091 1200 2157 duxerit
1213 2111 1245 2152 ro

186 2182 376 2264 cultumque
399 2179 532 2244 deorum
555 2185 588 2244 et
610 2203 727 2265 puram
749 2180 942 2266 religionem
965 2179 1143 2265 susceperit
1165 2185 1200 2244 et
1229 2188 1233 2200 ¹

188 2270 351 2334 exacuerit
381 2268 488 2352 illam,
519 2272 557 2333 ut
589 2269 770 2352 oculorum,
802 2268 849 2334 sic
879 2268 1001 2354 ingenii
1028 2269 1131 2334 aciem
1158 2269 1200 2334 ad

187 2357 275 2423 bona
298 2356 464 2443 seligenda
487 2360 520 2421 et
542 2355 704 2422 reicienda
726 2356 904 2442 contraria,
928 2379 1010 2440 quae
1031 2356 1136 2423 virtus
1160 2379 1200 2422 ex

187 2445 385 2533 providendo
408 2449 459 2509 est
478 2445 884 2535 appellataprudentia,
908 2445 985 2530 quid
1004 2467 1041 2512 eo
1061 2445 1124 2512 dici
1143 2450 1201 2511 aut

133 2546 168 2596 sl
188 2533 328 2621 eogitari
350 2533 472 2621 poterit
494 2534 646 2599 beatiui'l
680 2532 834 2619 Idemque
858 2556 956 2619 quom
979 2535 1114 2619 caelum,
1136 2538 1199 2599 ter·
1213 2554 1242 2595 rs

187 2646 257 2708 ras,
290 2622 394 2689 maria
424 2644 596 2706 rerumque
629 2623 774 2689 omnium
804 2626 956 2688 naturam
988 2624 1200 2708 perspexerit,
1227 2620 1230 2629 “

188 2733 289 2797 eaque
315 2711 400 2778 unde
428 2715 596 2797 generata,
629 2733 692 2795 quo
721 2733 892 2777 recursura
917 2712 1107 2797 aliquando,
1134 2734 1198 2796 quo

129 2800 132 2809 '
188 2801 283 2867 modo
312 2800 456 2885 obitura,
484 2800 562 2884 quid
583 2799 618 2864 in
639 2800 680 2865 iis
704 2800 843 2865 mortale
867 2804 901 2865 et
923 2799 1092 2884 caducum,
1120 2800 1198 2886 quid

188 2889 333 2955 divinum
356 2893 587 2974 aeternumque
610 2887 667 2973 sit,
696 2888 814 2955 viderit
837 2889 1008 2974 ipsumque
1031 2910 1070 2956 ea
1093 2889 1199 2954 mode·

187 2981 314 3043 rentem
345 2982 378 3042 et
407 2980 575 3064 regentem
604 2998 706 3063 paene
737 2976 904 3064 prenderit
931 2998 1064 3062 seseque
1091 2999 1158 3044 non
1175 2977 1244 3061 †eo

188 3066 294 3131 omnis
322 3065 557 3131 circumdatum
580 3066 749 3131 moenibus
772 3066 965 3151 popularem
987 3065 1124 3132 alicuius
1148 3067 1198 3131 de

187 3153 273 3219 liniti
300 3155 378 3239 loci,
402 3154 463 3256 sed
485 3153 588 3256 civem
611 3154 714 3220 totius
736 3154 856 3257 mundi·
873 3154 967 3239 quasi
988 3155 1084 3220 unius
1107 3155 1198 3220 mbis

119 3393 121 3397 ,
187 3243 525 3415 ululatu
543 3238 1199 3416 duumuirumuau
1229 3404 1235 3416 ‚

189 3439 287 3502 quam
311 3437 344 3482 se
368 3418 438 3502 ipse
461 3421 588 3483 noscetl
613 3419 698 3503 quod
720 3419 844 3521 dpollo
867 3420 1032 3505 praecepit
1050 3419 1197 3507 Pythius,
1212 3440 1239 3479 ³⁵

188 3506 1199 3679 uusitast1alluteelnluuuuulu

135 3566 179 3625 ‘4

154 3641 169 3688 a

139 3642 152 3684 'i
