2630 3904
366 192 434 249 nra.
453 193 475 250 1.
494 192 571 249 cnr.
591 198 910 260 ao-41e1oo-11a
1021 167 1024 173 ’
1098 194 1180 267 41¹

126 360 192 425 quo
217 338 314 404 modo
332 341 454 404 utatur.
490 337 700 423 Locupletior
717 337 821 424 igitur
838 337 1007 403 hominum
1026 339 1144 401 natura

126 427 169 492 ad
197 427 292 493 beate
316 426 489 493 vivendum
513 429 563 491 est
586 448 684 509 quam
706 427 854 511 deorum,
885 426 971 511 quod
993 424 1143 511 pluribus

125 515 302 603 generibus
324 515 444 580 fruitur
470 515 685 599 voluptatum.
726 514 773 579 At
795 515 855 580 has
879 514 1017 580 leviores
1040 513 1194 580 ducisne

124 605 330 688 voluptates,
359 603 476 689 quibus
505 604 598 688 quasi
625 603 774 668 titillatio
799 602 946 689 (Epicuri
973 602 1059 667 enim
1081 602 1144 667 hoc

98 693 264 759 acerbum
302 690 367 779 est)
405 691 579 757 adhibetur
615 692 773 757 sensibus.
829 690 1002 776 Quousque
1035 690 1143 755 ludis?

125 779 216 846 Nam
245 781 345 845 etiam
369 779 464 846 Philo
491 784 604 846 noster
621 780 711 845 *ferre
733 802 800 846 non
821 784 952 865 poterat
975 779 1144 864 aspernari

125 869 307 955 Epicureos
331 869 441 934 mollis
461 871 494 933 et
512 868 669 934 delicatas
687 869 889 953 voluptates3
912 891 1039 933 summa
1058 867 1142 932 enim

125 957 287 1024 memoria
310 957 544 1042 pronuntiabat
566 957 725 1042 plurimas
744 957 877 1042 Epicuri
900 957 1079 1022 sententias
1101 955 1143 1020 iis

125 1046 208 1132 ipsis
242 1046 363 1130 verbis,
395 1046 513 1130 quibus
542 1051 636 1110 erant
662 1045 819 1131 seriptac3
850 1044 1030 1111 Metrodori
1056 1065 1143 1128 vero,

89 1155 116 1194 ro
129 1135 185 1221 qui
209 1138 260 1201 est
274 1133 413 1220 Epicuri
430 1135 560 1220 collega
582 1134 770 1218 sapientiae,
793 1134 900 1199 multa
916 1133 1144 1219 inpudentiora

127 1223 304 1306 recitabat3
335 1225 467 1289 accusat
498 1223 584 1288 enim
612 1222 844 1306 Timocratem,
875 1221 1012 1287 fratrem
1039 1244 1144 1307 suum,

126 1311 348 1396 Metrodorus,
372 1311 458 1396 quod
481 1311 607 1376 dubitet
631 1311 751 1395 omnia,
776 1333 858 1396 quae
881 1311 922 1377 ad
945 1312 1076 1376 beatam
1098 1311 1144 1376 vi·

127 1405 199 1466 tam
226 1400 427 1486 pertineant,
454 1403 567 1465 ventre
595 1399 717 1482 metiri,
744 1421 849 1483 neque
875 1399 909 1464 id
932 1401 1032 1464 semel
1056 1399 1144 1483 dicit,

127 1489 186 1556 sed
209 1488 348 1574 saepius.
395 1487 544 1553 Adnuere
568 1492 601 1553 te
624 1488 732 1570 vide03
758 1494 837 1553 nota
860 1488 945 1552 enim
969 1488 1030 1552 tibi
1053 1493 1146 1577 eunti

86 1597 113 1639 rs
128 1577 312 1665 proferrem
334 1577 446 1660 libros,
470 1576 499 1641 si
521 1597 667 1662 negares.
704 1575 818 1661 Neque
835 1598 921 1641 nunc
935 1566 1176 1661 reprehefidq't

128 1666 217 1753 quod
250 1666 291 1731 ad
322 1665 527 1750 voluptatem
560 1665 669 1731 omnia
701 1663 884 1730 referantur
918 1661 998 1750 (alia
1029 1668 1078 1730 est
1106 1686 1144 1730 ea
1174 1670 1179 1731 ’.

128 1752 308 1840 quaestio),
338 1753 394 1820 sed
421 1753 780 1839 dooeomde-ossnestrQ
796 1775 866 1819 esse
890 1753 1069 1838 voluptatis
1093 1775 1142 1818 ex·
1175 1756 1179 1819 Ῑ

127 1848 254 1929 portes,
276 1844 324 1908 ita
346 1836 456 1907 vestro
480 1841 598 1907 rudieio
620 1864 662 1908 ne
685 1834 983 1925 beatoi'qutneffit·
1009 1842 1054 1907 At
1077 1842 1131 1907 do·
1147 1811 1196 1935 [li

129 1934 200 1998 lore
223 1934 350 1998 vacant.
386 1929 480 1995 Satin
503 1935 554 1994 est
576 1929 610 1994 id
632 1931 673 1995 ad
696 1931 789 1997 illam
810 1930 1030 1996 abundantem
1049 1931 1143 1996 bonis
1165 1886 1178 2003 l,

86 2039 116 2081 so
130 2021 235 2086 vitam
264 2018 511 2085 beatissimam?
558 2016 705 2105 Cogitat,
728 2019 892 2104 inquiunt,
915 2019 1048 2084 adsidue
1071 2020 1144 2085 bea·
1171 2028 1176 2101 ᾖ

130 2114 202 2175 tum
230 2129 301 2174 esse
328 2129 375 2193 se3
403 2107 504 2173 habet
527 2108 613 2172 enim
636 2108 719 2173 nihil
744 2108 846 2193 aliud,
873 2108 959 2192 quod
984 2108 1088 2194 agitet
1110 2108 1146 2174 in
1171 2114 1176 2167 t

129 2201 247 2267 mente.
293 2194 526 2282 Conprehende
558 2196 661 2282 igitur
694 2197 802 2262 animo
836 2200 869 2261 et
896 2218 1041 2282 propone
1068 2182 1175 2273 anteri

130 2286 243 2353 oculos
262 2284 357 2351 deum
374 2284 458 2350 nihil
478 2284 567 2350 aliud
586 2286 620 2349 in
638 2286 727 2350 omni
746 2285 940 2350 aeternitate
954 2284 1018 2350 nisi
1032 2270 1161 2387 ‘Mihif
1171 2280 1176 2321 *⁵

129 2373 292 2460 pulchre
329 2373 405 2439 est'
438 2377 472 2439 et
505 2372 602 2461 ‘Ego
635 2374 772 2439 beatus
805 2373 902 2440 sum'
935 2374 1157 2479 cogitantemq

88 2480 116 2523 ra
130 2461 200 2528 Nee
229 2466 339 2528 tamen
367 2461 474 2545 video,
492 2483 566 2547 quo
595 2462 691 2528 modo
719 2484 785 2527 non
808 2466 958 2529 vereatur
980 2463 1043 2527 iste
1066 2464 1144 2529 deus

128 2553 261 2636 beatus,
287 2572 328 2616 ne
350 2549 505 2634 intereat,
532 2573 605 2617 cum
629 2551 698 2616 sine
720 2551 790 2616 ulla
811 2551 1052 2618 intermissione
1074 2553 1145 2637 pul·

129 2644 222 2706 setur
259 2639 467 2727 agiteturque
499 2644 684 2705 atomorum
721 2639 904 2705 incursione
936 2639 1145 2724 sempiterna,
1180 2654 1188 2689 «²

129 2749 268 2814 cumque
299 2749 339 2793 ex
370 2728 442 2814 ipso
470 2728 630 2814 imagines
658 2750 790 2813 semper,
812 2728 957 2794 affluant.
1007 2727 1060 2793 Ita
1086 2751 1145 2795 nec

130 2817 249 2883 beatus
272 2820 322 2883 est
345 2821 453 2882 vester
475 2816 554 2883 deus
577 2838 636 2882 neo
659 2821 818 2883 aeternus.
1100 2875 1143 2897 s.
1161 2816 1171 2853 ³

89 2923 116 2965 so
201 2905 245 2970 At
274 2905 375 2970 etiam
398 2905 437 2971 dc
460 2904 648 2993 sanctitate,
670 2906 709 2972 de
731 2906 854 2991 pietate
877 2905 1031 2971 adversus
1054 2906 1131 2972 deos
1148 2921 1198 2971 115

129 2993 235 3060 libros
266 2993 397 3079 scripsit
419 2988 768 3079 Epicurustlinuo
791 2994 888 3059 modo
910 2994 946 3058 in
968 2994 1019 3059 his
1043 2995 1145 3080 loqui·

130 3082 209 3148 tur?
250 3080 298 3148 Ut
326 3083 374 3147 Te
402 3079 640 3148 Coruncanium
669 3087 726 3147 aut
748 3082 783 3148 P.
806 3079 1011 3166 Scaevolam,
1040 3085 1145 3170 ponti·

129 3172 208 3237 lices
230 3170 404 3255 maximos,
435 3173 468 3236 te
492 3171 602 3236 audire
626 3170 728 3256 dicas,
756 3194 823 3237 non
845 3193 933 3254 eum,
948 3170 1016 3256 'qui
1040 3177 1145 3239 sustu·

129 3259 208 3326 lerit
223 3280 352 3324 ornnem
365 3257 511 3324 funditus
526 3258 719 3345 religionem
728 3281 787 3325 nec
796 3260 955 3343 manibus,
969 3264 1007 3324 ut
1016 3260 1145 3345 Xerses,

90 3364 116 3407 rs
130 3348 188 3414 sed
220 3346 404 3413 rationibus
435 3347 569 3413 deorum
598 3347 823 3415 inmortalium
852 3349 978 3433 templa
1007 3353 1041 3414 et
1071 3371 1144 3414 aras

129 3435 316 3502 everteritv
340 3433 424 3511 Quid
447 3440 497 3501 est
520 3436 616 3520 enim,
639 3458 696 3502 cur
719 3437 796 3502 deos
820 3436 861 3502 ab
884 3436 1071 3501 hominibus
1095 3459 1145 3502 co

128 3523 246 3591 lendos
268 3523 365 3605 dicas,
388 3547 462 3590 curn
485 3524 536 3590 dei
558 3546 625 3590 non
647 3525 743 3591 modo
767 3524 914 3591 homines
937 3545 1003 3589 non
1026 3524 1146 3603 colant,
