<?xml version="1.0" encoding="UTF-8"?>
<!DOCTYPE html PUBLIC "-//W3C//DTD XHTML 1.0 Transitional//EN"
    "http://www.w3.org/TR/xhtml1/DTD/xhtml1-transitional.dtd">
<html xmlns="http://www.w3.org/1999/xhtml" xml:lang="en" lang="en">
 <head>
  <title>
</title>
<meta http-equiv="Content-Type" content="text/html;charset=utf-8" />
  <meta name='ocr-system' content='tesseract 3.04.00' />
  <meta name='ocr-capabilities' content='ocr_page ocr_carea ocr_par ocr_line ocrx_word'/>
</head>
<body>
  <div class='ocr_page' id='page_1' title='image "./mtulliiciceroni00salegoog_0393.png"; bbox 0 0 2654 3924; ppageno 0'>
   <div class='ocr_carea' id='block_1_1' title="bbox 162 233 817 301">
    <p class='ocr_par' dir='ltr' id='par_1_1' title="bbox 162 233 817 301">
     <span class='ocr_line' id='line_1_1' title="bbox 162 233 817 301; baseline -0.023 0"><span class='ocrx_word' id='word_1_1' title='bbox 162 236 228 301; x_wconf 88' lang='lat'><strong>340</strong></span> <span class='ocrx_word' id='word_1_2' title='bbox 527 233 576 287; x_wconf 82' lang='lat' dir='ltr'><strong>DE</strong></span> <span class='ocrx_word' id='word_1_3' title='bbox 594 233 643 286; x_wconf 83' lang='lat' dir='ltr'><strong>RE</strong></span> <span class='ocrx_word' id='word_1_4' title='bbox 660 233 817 288; x_wconf 79' lang='lat' dir='ltr'><strong>PUBLIGA</strong></span> 
     </span>
    </p>
   </div>
   <div class='ocr_carea' id='block_1_2' title="bbox 109 359 1261 1969">
    <p class='ocr_par' dir='ltr' id='par_1_2' title="bbox 109 359 1261 1969">
     <span class='ocr_line' id='line_1_2' title="bbox 109 359 1261 486; baseline 0 -42"><span class='ocrx_word' id='word_1_5' title='bbox 109 359 257 486; x_wconf 77' lang='lat' dir='ltr'><strong>13[14]p.</strong></span> <span class='ocrx_word' id='word_1_6' title='bbox 276 382 403 462; x_wconf 77' lang='grc'><strong>83].</strong></span> <span class='ocrx_word' id='word_1_7' title='bbox 416 376 560 446; x_wconf 83' lang='lat' dir='ltr'><strong>...Sunt</strong></span> <span class='ocrx_word' id='word_1_8' title='bbox 578 379 665 443; x_wconf 91' lang='lat' dir='ltr'><strong>enim</strong></span> <span class='ocrx_word' id='word_1_9' title='bbox 683 400 794 443; x_wconf 87' lang='lat' dir='ltr'><strong>omnes</strong></span> <span class='ocrx_word' id='word_1_10' title='bbox 795 378 878 462; x_wconf 90' lang='lat' dir='ltr'><strong>,qui</strong></span> <span class='ocrx_word' id='word_1_11' title='bbox 896 378 931 442; x_wconf 91' lang='grc'><strong>13</strong></span> <span class='ocrx_word' id='word_1_12' title='bbox 948 379 1159 465; x_wconf 92' lang='lat' dir='ltr'><strong>populum</strong></span> <span class='ocrx_word' id='word_1_13' title='bbox 1124 401 1176 444; x_wconf 83' lang='lat' dir='ltr'><strong>vr·</strong></span> <span class='ocrx_word' id='word_1_14' title='bbox 1256 369 1261 377; x_wconf 66' lang='grc'><strong>’</strong></span> 
     </span>
     <span class='ocr_line' id='line_1_3' title="bbox 116 437 1174 554; baseline -0.001 -20.957"><span class='ocrx_word' id='word_1_15' title='bbox 116 437 214 534; x_wconf 73' lang='grc'><strong>23333</strong></span> <span class='ocrx_word' id='word_1_16' title='bbox 236 468 388 553; x_wconf 78' lang='lat' dir='ltr'>necisque</span> <span class='ocrx_word' id='word_1_17' title='bbox 409 471 608 554; x_wconf 87' lang='lat' dir='ltr'><strong>potestatem</strong></span> <span class='ocrx_word' id='word_1_18' title='bbox 630 466 762 550; x_wconf 88' lang='lat' dir='ltr'><strong>habent,</strong></span> <span class='ocrx_word' id='word_1_19' title='bbox 784 466 926 551; x_wconf 86' lang='lat' dir='ltr'><strong>tyranni,</strong></span> <span class='ocrx_word' id='word_1_20' title='bbox 949 467 1006 531; x_wconf 90' lang='lat' dir='ltr'><strong>sed</strong></span> <span class='ocrx_word' id='word_1_21' title='bbox 1029 489 1063 531; x_wconf 89' lang='lat' dir='ltr'><strong>se</strong></span> <span class='ocrx_word' id='word_1_22' title='bbox 1081 466 1174 532; x_wconf 80' lang='lat' dir='ltr'><strong>Iovis</strong></span> 
     </span>
     <span class='ocr_line' id='line_1_4' title="bbox 160 553 1175 643; baseline -0.003 -20"><span class='ocrx_word' id='word_1_23' title='bbox 160 556 276 643; x_wconf 90' lang='lat' dir='ltr'><strong>optimi</strong></span> <span class='ocrx_word' id='word_1_24' title='bbox 298 557 428 622; x_wconf 86' lang='lat' dir='ltr'><strong>nomine</strong></span> <span class='ocrx_word' id='word_1_25' title='bbox 450 557 654 622; x_wconf 76' lang='lat' dir='ltr'><strong>malunttr</strong></span> <span class='ocrx_word' id='word_1_26' title='bbox 595 577 654 642; x_wconf 86' lang='lat' dir='ltr'><strong>reg</strong></span> <span class='ocrx_word' id='word_1_27' title='bbox 655 576 689 619; x_wconf 92' lang='lat' dir='ltr'><strong>es</strong></span> <span class='ocrx_word' id='word_1_28' title='bbox 707 555 824 620; x_wconf 84' lang='lat' dir='ltr'><strong>vocari.</strong></span> <span class='ocrx_word' id='word_1_29' title='bbox 861 553 943 620; x_wconf 83' lang='lat' dir='ltr'><strong>Oum</strong></span> <span class='ocrx_word' id='word_1_30' title='bbox 962 560 1072 620; x_wconf 89' lang='lat' dir='ltr'><strong>autem</strong></span> <span class='ocrx_word' id='word_1_31' title='bbox 1090 557 1175 620; x_wconf 89' lang='lat' dir='ltr'><strong>certi</strong></span> 
     </span>
     <span class='ocr_line' id='line_1_5' title="bbox 159 643 1175 732; baseline -0.001 -22"><span class='ocrx_word' id='word_1_32' title='bbox 159 650 294 732; x_wconf 86' lang='lat' dir='ltr'><strong>propter</strong></span> <span class='ocrx_word' id='word_1_33' title='bbox 314 644 405 710; x_wconf 86' lang='lat' dir='ltr'><strong>divit</strong></span> <span class='ocrx_word' id='word_1_34' title='bbox 381 648 445 710; x_wconf 84' lang='lat' dir='ltr'><strong>tras</strong></span> <span class='ocrx_word' id='word_1_35' title='bbox 464 648 641 730; x_wconf 80' lang='lat' dir='ltr'><strong>autgerus</strong></span> <span class='ocrx_word' id='word_1_36' title='bbox 660 666 703 709; x_wconf 93' lang='lat' dir='ltr'><strong>au</strong></span> <span class='ocrx_word' id='word_1_37' title='bbox 703 643 863 727; x_wconf 92' lang='lat' dir='ltr'><strong>taliquas</strong></span> <span class='ocrx_word' id='word_1_38' title='bbox 882 665 959 728; x_wconf 91' lang='lat' dir='ltr'><strong>opes</strong></span> <span class='ocrx_word' id='word_1_39' title='bbox 978 666 1047 709; x_wconf 92' lang='lat' dir='ltr'><strong>rem</strong></span> <span class='ocrx_word' id='word_1_40' title='bbox 1066 645 1175 729; x_wconf 93' lang='lat' dir='ltr'><strong>publi·</strong></span> 
     </span>
     <span class='ocr_line' id='line_1_6' title="bbox 160 732 1221 817; baseline -0.006 -18"><span class='ocrx_word' id='word_1_41' title='bbox 160 757 232 799; x_wconf 90' lang='lat' dir='ltr'><strong>eam</strong></span> <span class='ocrx_word' id='word_1_42' title='bbox 258 737 385 817; x_wconf 89' lang='lat' dir='ltr'><strong>tenent,</strong></span> <span class='ocrx_word' id='word_1_43' title='bbox 417 737 467 797; x_wconf 92' lang='lat' dir='ltr'><strong>est</strong></span> <span class='ocrx_word' id='word_1_44' title='bbox 493 732 608 816; x_wconf 87' lang='lat' dir='ltr'><strong>factio,</strong></span> <span class='ocrx_word' id='word_1_45' title='bbox 640 732 695 796; x_wconf 85' lang='lat' dir='ltr'><strong>sed</strong></span> <span class='ocrx_word' id='word_1_46' title='bbox 722 736 880 798; x_wconf 85' lang='lat' dir='ltr'><strong>vocantur</strong></span> <span class='ocrx_word' id='word_1_47' title='bbox 906 732 958 796; x_wconf 92' lang='lat' dir='ltr'><strong>illi</strong></span> <span class='ocrx_word' id='word_1_48' title='bbox 985 733 1173 817; x_wconf 74' lang='lat' dir='ltr'><strong>optimates.</strong></span> <span class='ocrx_word' id='word_1_49' title='bbox 1205 754 1221 793; x_wconf 85' lang='lat'>⁵</span> 
     </span>
     <span class='ocr_line' id='line_1_7' title="bbox 160 820 1175 907; baseline -0.003 -19"><span class='ocrx_word' id='word_1_50' title='bbox 160 820 196 889; x_wconf 85' lang='lat' dir='ltr'><strong>Si</strong></span> <span class='ocrx_word' id='word_1_51' title='bbox 218 844 295 888; x_wconf 85' lang='lat' dir='ltr'><strong>vero</strong></span> <span class='ocrx_word' id='word_1_52' title='bbox 318 822 457 907; x_wconf 90' lang='lat' dir='ltr'><strong>populus</strong></span> <span class='ocrx_word' id='word_1_53' title='bbox 480 821 657 906; x_wconf 93' lang='lat' dir='ltr'><strong>plurimum</strong></span> <span class='ocrx_word' id='word_1_54' title='bbox 679 823 790 905; x_wconf 86' lang='lat' dir='ltr'><strong>potest</strong></span> <span class='ocrx_word' id='word_1_55' title='bbox 809 820 981 906; x_wconf 85' lang='lat' dir='ltr'>omniaque</span> <span class='ocrx_word' id='word_1_56' title='bbox 999 821 1068 885; x_wconf 90' lang='lat' dir='ltr'><strong>eius</strong></span> <span class='ocrx_word' id='word_1_57' title='bbox 1087 822 1175 886; x_wconf 92' lang='lat' dir='ltr'><strong>arbi-</strong></span> 
     </span>
     <span class='ocr_line' id='line_1_8' title="bbox 159 909 1174 996; baseline -0.002 -20"><span class='ocrx_word' id='word_1_58' title='bbox 159 912 225 976; x_wconf 90' lang='lat' dir='ltr'><strong>trio</strong></span> <span class='ocrx_word' id='word_1_59' title='bbox 252 914 423 996; x_wconf 82' lang='lat' dir='ltr'><strong>reguntur,</strong></span> <span class='ocrx_word' id='word_1_60' title='bbox 451 909 569 974; x_wconf 88' lang='grc'><strong>3131333</strong></span> <span class='ocrx_word' id='word_1_61' title='bbox 595 909 655 973; x_wconf 94' lang='grc'><strong>1113</strong></span> <span class='ocrx_word' id='word_1_62' title='bbox 677 909 827 992; x_wconf 90' lang='lat' dir='ltr'><strong>libertas,</strong></span> <span class='ocrx_word' id='word_1_63' title='bbox 856 920 906 973; x_wconf 85' lang='lat' dir='ltr'><strong>est</strong></span> <span class='ocrx_word' id='word_1_64' title='bbox 928 931 1005 975; x_wconf 85' lang='lat' dir='ltr'><strong>vero</strong></span> <span class='ocrx_word' id='word_1_65' title='bbox 1029 910 1174 976; x_wconf 90' lang='lat' dir='ltr'><strong>licentia.</strong></span> 
     </span>
     <span class='ocr_line' id='line_1_9' title="bbox 160 997 1174 1081; baseline -0.001 -16"><span class='ocrx_word' id='word_1_66' title='bbox 160 997 223 1065; x_wconf 85' lang='lat' dir='ltr'><strong>Sed</strong></span> <span class='ocrx_word' id='word_1_67' title='bbox 246 1021 319 1065; x_wconf 92' lang='lat' dir='ltr'><strong>cum</strong></span> <span class='ocrx_word' id='word_1_68' title='bbox 338 998 422 1063; x_wconf 87' lang='lat' dir='ltr'><strong>alius</strong></span> <span class='ocrx_word' id='word_1_69' title='bbox 441 997 542 1062; x_wconf 92' lang='lat' dir='ltr'><strong>alium</strong></span> <span class='ocrx_word' id='word_1_70' title='bbox 560 998 664 1081; x_wconf 90' lang='lat' dir='ltr'><strong>timet,</strong></span> <span class='ocrx_word' id='word_1_71' title='bbox 687 1001 720 1062; x_wconf 90' lang='grc'><strong>33</strong></span> <span class='ocrx_word' id='word_1_72' title='bbox 737 997 836 1062; x_wconf 91' lang='lat' dir='ltr'><strong>homo</strong></span> <span class='ocrx_word' id='word_1_73' title='bbox 855 997 1021 1062; x_wconf 91' lang='lat' dir='ltr'><strong>hominem</strong></span> <span class='ocrx_word' id='word_1_74' title='bbox 1039 1003 1072 1063; x_wconf 90' lang='grc'><strong>33</strong></span> <span class='ocrx_word' id='word_1_75' title='bbox 1091 999 1174 1064; x_wconf 85' lang='grc'><strong>3333</strong></span> 
     </span>
     <span class='ocr_line' id='line_1_10' title="bbox 161 1085 1174 1173; baseline -0.002 -19"><span class='ocrx_word' id='word_1_76' title='bbox 161 1088 320 1170; x_wconf 84' lang='lat' dir='ltr'><strong>ordinem,</strong></span> <span class='ocrx_word' id='word_1_77' title='bbox 346 1090 418 1150; x_wconf 89' lang='lat' dir='ltr'><strong>tum</strong></span> <span class='ocrx_word' id='word_1_78' title='bbox 447 1086 523 1170; x_wconf 88' lang='lat' dir='ltr'><strong>quia</strong></span> <span class='ocrx_word' id='word_1_79' title='bbox 550 1085 614 1149; x_wconf 90' lang='lat' dir='ltr'><strong>sibi</strong></span> <span class='ocrx_word' id='word_1_80' title='bbox 640 1107 735 1151; x_wconf 90' lang='lat' dir='ltr'><strong>nemo</strong></span> <span class='ocrx_word' id='word_1_81' title='bbox 764 1086 910 1170; x_wconf 87' lang='lat' dir='ltr'><strong>confidit,</strong></span> <span class='ocrx_word' id='word_1_82' title='bbox 941 1087 1035 1171; x_wconf 85' lang='lat' dir='ltr'><strong>quasi</strong></span> <span class='ocrx_word' id='word_1_83' title='bbox 1061 1087 1174 1173; x_wconf 89' lang='lat' dir='ltr'><strong>pactio</strong></span> 
     </span>
     <span class='ocr_line' id='line_1_11' title="bbox 160 1174 1221 1260; baseline -0.004 -20"><span class='ocrx_word' id='word_1_84' title='bbox 160 1205 189 1257; x_wconf 90' lang='lat' dir='ltr'><strong>p.</strong></span> <span class='ocrx_word' id='word_1_85' title='bbox 208 1177 256 1256; x_wconf 82' lang='grc'><strong>38]</strong></span> <span class='ocrx_word' id='word_1_86' title='bbox 280 1175 318 1239; x_wconf 85' lang='grc'><strong>113</strong></span> <span class='ocrx_word' id='word_1_87' title='bbox 338 1174 343 1256; x_wconf 85' lang='grc' dir='ltr'>Ι</span> <span class='ocrx_word' id='word_1_88' title='bbox 362 1174 449 1239; x_wconf 91' lang='grc'><strong>13333</strong></span> <span class='ocrx_word' id='word_1_89' title='bbox 475 1175 632 1260; x_wconf 91' lang='lat' dir='ltr'><strong>populum</strong></span> <span class='ocrx_word' id='word_1_90' title='bbox 661 1178 694 1239; x_wconf 89' lang='grc'><strong>33</strong></span> <span class='ocrx_word' id='word_1_91' title='bbox 721 1175 879 1259; x_wconf 80' lang='lat' dir='ltr'><strong>potentis3</strong></span> <span class='ocrx_word' id='word_1_92' title='bbox 910 1196 948 1238; x_wconf 85' lang='lat' dir='ltr'><strong>ex</strong></span> <span class='ocrx_word' id='word_1_93' title='bbox 971 1197 1035 1259; x_wconf 93' lang='lat' dir='ltr'><strong>quo</strong></span> <span class='ocrx_word' id='word_1_94' title='bbox 1059 1174 1174 1240; x_wconf 77' lang='lat' dir='ltr'><strong>existit</strong></span> <span class='ocrx_word' id='word_1_95' title='bbox 1190 1197 1221 1236; x_wconf 83' lang='grc' dir='ltr'><strong>ιο</strong></span> 
     </span>
     <span class='ocr_line' id='line_1_12' title="bbox 160 1260 1174 1350; baseline -0.001 -21"><span class='ocrx_word' id='word_1_96' title='bbox 160 1265 208 1348; x_wconf 92' lang='grc'><strong>13,</strong></span> <span class='ocrx_word' id='word_1_97' title='bbox 231 1263 317 1348; x_wconf 94' lang='lat' dir='ltr'><strong>quod</strong></span> <span class='ocrx_word' id='word_1_98' title='bbox 340 1260 447 1347; x_wconf 78' lang='lat' dir='ltr'><strong>Scipio</strong></span> <span class='ocrx_word' id='word_1_99' title='bbox 471 1262 636 1347; x_wconf 89' lang='lat' dir='ltr'><strong>laudabat,</strong></span> <span class='ocrx_word' id='word_1_100' title='bbox 658 1263 865 1328; x_wconf 90' lang='lat' dir='ltr'><strong>coniunctum</strong></span> <span class='ocrx_word' id='word_1_101' title='bbox 888 1263 1031 1328; x_wconf 84' lang='lat' dir='ltr'><strong>civitatis</strong></span> <span class='ocrx_word' id='word_1_102' title='bbox 1055 1285 1174 1350; x_wconf 80' lang='lat' dir='ltr'><strong>genus3</strong></span> 
     </span>
     <span class='ocr_line' id='line_1_13' title="bbox 162 1351 1175 1435; baseline -0.001 -17"><span class='ocrx_word' id='word_1_103' title='bbox 162 1352 282 1418; x_wconf 77' lang='lat' dir='ltr'><strong>etenim</strong></span> <span class='ocrx_word' id='word_1_104' title='bbox 304 1352 451 1416; x_wconf 89' lang='lat' dir='ltr'><strong>iustitiae</strong></span> <span class='ocrx_word' id='word_1_105' title='bbox 472 1373 539 1416; x_wconf 90' lang='lat' dir='ltr'><strong>non</strong></span> <span class='ocrx_word' id='word_1_106' title='bbox 561 1354 679 1416; x_wconf 83' lang='lat' dir='ltr'><strong>natura</strong></span> <span class='ocrx_word' id='word_1_107' title='bbox 700 1373 759 1416; x_wconf 91' lang='lat' dir='ltr'><strong>nec</strong></span> <span class='ocrx_word' id='word_1_108' title='bbox 781 1351 944 1435; x_wconf 85' lang='lat' dir='ltr'><strong>voluntas,</strong></span> <span class='ocrx_word' id='word_1_109' title='bbox 967 1351 1023 1416; x_wconf 89' lang='lat' dir='ltr'><strong>sed</strong></span> <span class='ocrx_word' id='word_1_110' title='bbox 1041 1352 1175 1419; x_wconf 90' lang='lat' dir='ltr'><strong>inbecil-</strong></span> 
     </span>
     <span class='ocr_line' id='line_1_14' title="bbox 162 1438 1174 1526; baseline 0 -20"><span class='ocrx_word' id='word_1_111' title='bbox 162 1442 240 1507; x_wconf 82' lang='lat' dir='ltr'><strong>litas</strong></span> <span class='ocrx_word' id='word_1_112' title='bbox 268 1444 374 1506; x_wconf 88' lang='lat' dir='ltr'><strong>mater</strong></span> <span class='ocrx_word' id='word_1_113' title='bbox 401 1444 460 1505; x_wconf 87' lang='lat' dir='ltr'><strong>est.</strong></span> <span class='ocrx_word' id='word_1_114' title='bbox 504 1438 592 1504; x_wconf 89' lang='lat' dir='ltr'><strong>Nam</strong></span> <span class='ocrx_word' id='word_1_115' title='bbox 619 1461 693 1505; x_wconf 93' lang='lat' dir='ltr'><strong>cum</strong></span> <span class='ocrx_word' id='word_1_116' title='bbox 720 1440 759 1504; x_wconf 87' lang='grc'><strong>(13</strong></span> <span class='ocrx_word' id='word_1_117' title='bbox 786 1440 892 1504; x_wconf 91' lang='lat' dir='ltr'><strong>tribus</strong></span> <span class='ocrx_word' id='word_1_118' title='bbox 919 1462 1020 1505; x_wconf 90' lang='lat' dir='ltr'><strong>unum</strong></span> <span class='ocrx_word' id='word_1_119' title='bbox 1043 1445 1093 1505; x_wconf 89' lang='lat' dir='ltr'><strong>est</strong></span> <span class='ocrx_word' id='word_1_120' title='bbox 1116 1464 1174 1526; x_wconf 93' lang='lat' dir='ltr'><strong>op-</strong></span> 
     </span>
     <span class='ocr_line' id='line_1_15' title="bbox 161 1528 1175 1614; baseline -0.001 -19"><span class='ocrx_word' id='word_1_121' title='bbox 161 1530 306 1614; x_wconf 88' lang='lat' dir='ltr'><strong>tandum,</strong></span> <span class='ocrx_word' id='word_1_122' title='bbox 329 1533 386 1594; x_wconf 90' lang='lat' dir='ltr'><strong>aut</strong></span> <span class='ocrx_word' id='word_1_123' title='bbox 406 1529 512 1594; x_wconf 88' lang='lat' dir='ltr'><strong>facere</strong></span> <span class='ocrx_word' id='word_1_124' title='bbox 529 1528 682 1593; x_wconf 89' lang='lat' dir='ltr'><strong>iniuriam</strong></span> <span class='ocrx_word' id='word_1_125' title='bbox 699 1549 758 1594; x_wconf 91' lang='lat' dir='ltr'><strong>nec</strong></span> <span class='ocrx_word' id='word_1_126' title='bbox 777 1528 921 1612; x_wconf 85' lang='lat' dir='ltr'><strong>accipere</strong></span> <span class='ocrx_word' id='word_1_127' title='bbox 940 1533 997 1593; x_wconf 90' lang='lat' dir='ltr'><strong>aut</strong></span> <span class='ocrx_word' id='word_1_128' title='bbox 1015 1532 1048 1593; x_wconf 88' lang='grc'><strong>33</strong></span> <span class='ocrx_word' id='word_1_129' title='bbox 1066 1528 1175 1609; x_wconf 85' lang='lat' dir='ltr'><strong>facere</strong></span> 
     </span>
     <span class='ocr_line' id='line_1_16' title="bbox 162 1615 1219 1720; baseline -0.005 -36"><span class='ocrx_word' id='word_1_130' title='bbox 162 1624 195 1685; x_wconf 90' lang='grc'><strong>33</strong></span> <span class='ocrx_word' id='word_1_131' title='bbox 218 1620 362 1720; x_wconf 88' lang='lat' dir='ltr'><strong>accipere</strong></span> <span class='ocrx_word' id='word_1_132' title='bbox 384 1621 442 1683; x_wconf 88' lang='grc'><strong>333</strong></span> <span class='ocrx_word' id='word_1_133' title='bbox 463 1620 624 1701; x_wconf 87' lang='lat' dir='ltr'><strong>neutrum,</strong></span> <span class='ocrx_word' id='word_1_134' title='bbox 647 1615 807 1701; x_wconf 86' lang='lat' dir='ltr'><strong>optimum</strong></span> <span class='ocrx_word' id='word_1_135' title='bbox 831 1621 881 1681; x_wconf 89' lang='lat' dir='ltr'><strong>est</strong></span> <span class='ocrx_word' id='word_1_136' title='bbox 902 1616 1017 1701; x_wconf 88' lang='lat' dir='ltr'><strong>faeere,</strong></span> <span class='ocrx_word' id='word_1_137' title='bbox 1040 1618 1175 1718; x_wconf 87' lang='lat' dir='ltr'><strong>impune</strong></span> <span class='ocrx_word' id='word_1_138' title='bbox 1190 1640 1219 1679; x_wconf 82' lang='lat'><strong>15</strong></span> 
     </span>
     <span class='ocr_line' id='line_1_17' title="bbox 163 1704 1261 1793; baseline -0.002 -21"><span class='ocrx_word' id='word_1_139' title='bbox 163 1709 191 1772; x_wconf 91' lang='lat' dir='ltr'><strong>si</strong></span> <span class='ocrx_word' id='word_1_140' title='bbox 213 1707 334 1793; x_wconf 89' lang='lat' dir='ltr'><strong>possis,</strong></span> <span class='ocrx_word' id='word_1_141' title='bbox 358 1706 532 1772; x_wconf 89' lang='lat' dir='ltr'><strong>secundum</strong></span> <span class='ocrx_word' id='word_1_142' title='bbox 554 1727 614 1770; x_wconf 89' lang='lat' dir='ltr'><strong>neo</strong></span> <span class='ocrx_word' id='word_1_143' title='bbox 635 1704 742 1770; x_wconf 87' lang='lat' dir='ltr'><strong>facere</strong></span> <span class='ocrx_word' id='word_1_144' title='bbox 764 1726 824 1770; x_wconf 91' lang='grc'><strong>333</strong></span> <span class='ocrx_word' id='word_1_145' title='bbox 846 1705 930 1789; x_wconf 91' lang='lat' dir='ltr'><strong>pati,</strong></span> <span class='ocrx_word' id='word_1_146' title='bbox 953 1705 1175 1770; x_wconf 89' lang='lat' dir='ltr'><strong>miserrimum</strong></span> <span class='ocrx_word' id='word_1_147' title='bbox 1258 1759 1261 1762; x_wconf 87' lang='lat'><strong>.</strong></span> 
     </span>
     <span class='ocr_line' id='line_1_18' title="bbox 163 1793 1175 1899; baseline -0.003 -37"><span class='ocrx_word' id='word_1_148' title='bbox 163 1795 336 1899; x_wconf 83' lang='lat' dir='ltr'><strong>digladiari</strong></span> <span class='ocrx_word' id='word_1_149' title='bbox 363 1817 510 1897; x_wconf 88' lang='lat' dir='ltr'><strong>semper</strong></span> <span class='ocrx_word' id='word_1_150' title='bbox 516 1797 588 1857; x_wconf 89' lang='lat' dir='ltr'><strong>tum</strong></span> <span class='ocrx_word' id='word_1_151' title='bbox 613 1793 784 1877; x_wconf 81' lang='lat' dir='ltr'><strong>faciendis,</strong></span> <span class='ocrx_word' id='word_1_152' title='bbox 810 1798 881 1858; x_wconf 91' lang='lat' dir='ltr'><strong>tum</strong></span> <span class='ocrx_word' id='word_1_153' title='bbox 909 1794 1135 1879; x_wconf 77' lang='lat' dir='ltr'><strong>accipiendis</strong></span> <span class='ocrx_word' id='word_1_154' title='bbox 1125 1817 1175 1859; x_wconf 86' lang='lat'>111-</span> 
     </span>
     <span class='ocr_line' id='line_1_19' title="bbox 162 1881 947 1969; baseline -0.007 -19"><span class='ocrx_word' id='word_1_155' title='bbox 162 1885 263 1950; x_wconf 89' lang='grc'><strong>133113.</strong></span> <span class='ocrx_word' id='word_1_156' title='bbox 307 1882 361 1949; x_wconf 80' lang='lat' dir='ltr'><strong>lu</strong></span> <span class='ocrx_word' id='word_1_157' title='bbox 383 1884 439 1969; x_wconf 91' lang='lat' dir='ltr'><strong>qui</strong></span> <span class='ocrx_word' id='word_1_158' title='bbox 461 1883 604 1968; x_wconf 89' lang='lat' dir='ltr'><strong>p1imum</strong></span> <span class='ocrx_word' id='word_1_159' title='bbox 625 1881 708 1946; x_wconf 94' lang='lat' dir='ltr'><strong>illud</strong></span> <span class='ocrx_word' id='word_1_160' title='bbox 732 1881 947 1966; x_wconf 84' lang='lat' dir='ltr'><strong>adsequi...</strong></span> 
     </span>
    </p>
   </div>
   <div class='ocr_carea' id='block_1_3' title="bbox 443 2020 888 2110">
    <p class='ocr_par' dir='ltr' id='par_1_3' title="bbox 443 2020 888 2110">
     <span class='ocr_line' id='line_1_20' title="bbox 443 2020 888 2110; baseline 0 -22"><span class='ocrx_word' id='word_1_161' title='bbox 443 2020 585 2110; x_wconf 76' lang='lat' dir='ltr'><strong>[Aliquot</strong></span> <span class='ocrx_word' id='word_1_162' title='bbox 599 2025 737 2106; x_wconf 74' lang='lat' dir='ltr'><strong>popinae</strong></span> <span class='ocrx_word' id='word_1_163' title='bbox 758 2024 888 2104; x_wconf 81' lang='grc'><strong>333333]</strong></span> 
     </span>
    </p>
   </div>
   <div class='ocr_carea' id='block_1_4' title="bbox 109 2132 1222 3647">
    <p class='ocr_par' dir='ltr' id='par_1_4' title="bbox 113 2132 1222 2496">
     <span class='ocr_line' id='line_1_21' title="bbox 113 2132 1200 2258; baseline -0.001 -44"><span class='ocrx_word' id='word_1_164' title='bbox 113 2132 154 2194; x_wconf 85' lang='grc'><strong>14</strong></span> <span class='ocrx_word' id='word_1_165' title='bbox 128 2149 231 2258; x_wconf 83' lang='lat'><strong>[12</strong></span> <span class='ocrx_word' id='word_1_166' title='bbox 254 2150 302 2228; x_wconf 79' lang='lat'><strong>20]</strong></span> <span class='ocrx_word' id='word_1_167' title='bbox 369 2147 418 2212; x_wconf 77' lang='lat' dir='ltr'><strong>ru.</strong></span> <span class='ocrx_word' id='word_1_168' title='bbox 443 2146 567 2211; x_wconf 69' lang='grc'><strong>3333</strong></span> <span class='ocrx_word' id='word_1_169' title='bbox 592 2147 629 2211; x_wconf 79' lang='lat' dir='ltr'><strong>a</strong></span> <span class='ocrx_word' id='word_1_170' title='bbox 649 2167 684 2210; x_wconf 69' lang='lat' dir='ltr'><strong>re</strong></span> <span class='ocrx_word' id='word_1_171' title='bbox 702 2146 786 2228; x_wconf 71' lang='lat' dir='ltr'><strong>paee.</strong></span> <span class='ocrx_word' id='word_1_172' title='bbox 810 2148 860 2212; x_wconf 82' lang='grc'><strong>33</strong></span> <span class='ocrx_word' id='word_1_173' title='bbox 810 2147 963 2211; x_wconf 79' lang='lat' dir='ltr'><strong>rur.-</strong></span> <span class='ocrx_word' id='word_1_174' title='bbox 990 2147 1076 2213; x_wconf 77' lang='lat' dir='ltr'><strong>Nam</strong></span> <span class='ocrx_word' id='word_1_175' title='bbox 1100 2170 1200 2215; x_wconf 71' lang='lat' dir='ltr'><strong>eum</strong></span> 
     </span>
     <span class='ocr_line' id='line_1_22' title="bbox 109 2209 1222 2323; baseline -0.003 -21.844"><span class='ocrx_word' id='word_1_176' title='bbox 109 2209 373 2323; x_wconf 70' lang='grc'><strong>11433333333333</strong></span> <span class='ocrx_word' id='word_1_177' title='bbox 395 2256 435 2299; x_wconf 85' lang='lat' dir='ltr'><strong>ex</strong></span> <span class='ocrx_word' id='word_1_178' title='bbox 457 2255 517 2317; x_wconf 93' lang='lat' dir='ltr'><strong>eo,</strong></span> <span class='ocrx_word' id='word_1_179' title='bbox 520 2248 592 2318; x_wconf 93' lang='lat' dir='ltr'><strong>quo</strong></span> <span class='ocrx_word' id='word_1_180' title='bbox 616 2234 735 2299; x_wconf 89' lang='grc'><strong>3331333</strong></span> <span class='ocrx_word' id='word_1_181' title='bbox 758 2235 907 2320; x_wconf 89' lang='lat' dir='ltr'><strong>inpulsus</strong></span> <span class='ocrx_word' id='word_1_182' title='bbox 930 2258 1019 2301; x_wconf 90' lang='lat' dir='ltr'><strong>mare</strong></span> <span class='ocrx_word' id='word_1_183' title='bbox 1037 2236 1175 2302; x_wconf 90' lang='lat' dir='ltr'><strong>haberet</strong></span> <span class='ocrx_word' id='word_1_184' title='bbox 1190 2258 1222 2298; x_wconf 81' lang='lat' dir='ltr'><strong>ao</strong></span> 
     </span>
     <span class='ocr_line' id='line_1_23' title="bbox 163 2322 1174 2438; baseline 0.001 -48"><span class='ocrx_word' id='word_1_185' title='bbox 163 2325 319 2390; x_wconf 80' lang='lat' dir='ltr'><strong>infestum</strong></span> <span class='ocrx_word' id='word_1_186' title='bbox 350 2344 415 2387; x_wconf 91' lang='lat' dir='ltr'><strong>uno</strong></span> <span class='ocrx_word' id='word_1_187' title='bbox 446 2344 658 2438; x_wconf 84' lang='lat' dir='ltr'><strong>myoparone,</strong></span> <span class='ocrx_word' id='word_1_188' title='bbox 694 2322 886 2388; x_wconf 77' lang='lat' dir='ltr'><strong>‘Eodem&#39;</strong></span> <span class='ocrx_word' id='word_1_189' title='bbox 887 2324 1093 2408; x_wconf 75' lang='lat' dir='ltr'><strong>,iuquit,‘</strong></span> <span class='ocrx_word' id='word_1_190' title='bbox 1101 2347 1174 2409; x_wconf 93' lang='lat' dir='ltr'><strong>quo</strong></span> 
     </span>
     <span class='ocr_line' id='line_1_24' title="bbox 163 2410 1175 2499; baseline 0.001 -20"><span class='ocrx_word' id='word_1_191' title='bbox 163 2419 206 2479; x_wconf 87' lang='lat' dir='ltr'><strong>tu</strong></span> <span class='ocrx_word' id='word_1_192' title='bbox 233 2413 363 2478; x_wconf 91' lang='lat' dir='ltr'><strong>orbem</strong></span> <span class='ocrx_word' id='word_1_193' title='bbox 390 2410 540 2476; x_wconf 72' lang='lat' dir='ltr'><strong>terrae?</strong></span> <span class='ocrx_word' id='word_1_194' title='bbox 583 2410 1175 2499; x_wconf 74' lang='lat' dir='ltr'><strong>(Noniusp.125.z2,p.318.16,</strong></span> 
     </span>
    </p>

    <p class='ocr_par' dir='ltr' id='par_1_5' title="bbox 115 2501 1219 3647">
     <span class='ocr_line' id='line_1_25' title="bbox 115 2501 1175 2673; baseline 0 -17"><span class='ocrx_word' id='word_1_195' title='bbox 115 2505 292 2672; x_wconf 64' lang='grc'><strong>33113331]</strong></span> <span class='ocrx_word' id='word_1_196' title='bbox 309 2501 406 2669; x_wconf 56' lang='lat' dir='ltr'><strong>iiia]</strong></span> <span class='ocrx_word' id='word_1_197' title='bbox 481 2589 657 2653; x_wconf 65' lang='lat' dir='ltr'><strong>...amm</strong></span> <span class='ocrx_word' id='word_1_198' title='bbox 687 2592 850 2654; x_wconf 73' lang='grc'><strong>...33,</strong></span> <span class='ocrx_word' id='word_1_199' title='bbox 889 2587 1056 2673; x_wconf 76' lang='lat' dir='ltr'><strong>Sapientia</strong></span> <span class='ocrx_word' id='word_1_200' title='bbox 1082 2591 1175 2656; x_wconf 77' lang='lat' dir='ltr'><strong>iuba</strong></span> 
     </span>
     <span class='ocr_line' id='line_1_26' title="bbox 165 2677 1218 2765; baseline -0.006 -20"><span class='ocrx_word' id='word_1_201' title='bbox 165 2699 278 2764; x_wconf 80' lang='lat' dir='ltr'><strong>augere</strong></span> <span class='ocrx_word' id='word_1_202' title='bbox 299 2699 390 2764; x_wconf 82' lang='lat' dir='ltr'><strong>epae,</strong></span> <span class='ocrx_word' id='word_1_203' title='bbox 418 2678 617 2761; x_wconf 86' lang='lat' dir='ltr'><strong>amplificare</strong></span> <span class='ocrx_word' id='word_1_204' title='bbox 639 2677 785 2761; x_wconf 77' lang='lat' dir='ltr'><strong>divitias,</strong></span> <span class='ocrx_word' id='word_1_205' title='bbox 806 2678 953 2764; x_wconf 88' lang='lat' dir='ltr'><strong>proferre</strong></span> <span class='ocrx_word' id='word_1_206' title='bbox 975 2678 1050 2742; x_wconf 90' lang='lat' dir='ltr'><strong>finis</strong></span> <span class='ocrx_word' id='word_1_207' title='bbox 1074 2677 1174 2765; x_wconf 87' lang='lat' dir='ltr'><strong>(unde</strong></span> <span class='ocrx_word' id='word_1_208' title='bbox 1189 2699 1218 2740; x_wconf 78' lang='grc'><strong>33</strong></span> 
     </span>
     <span class='ocr_line' id='line_1_27' title="bbox 166 2765 1175 2851; baseline 0 -18"><span class='ocrx_word' id='word_1_209' title='bbox 166 2768 252 2833; x_wconf 92' lang='lat' dir='ltr'><strong>enim</strong></span> <span class='ocrx_word' id='word_1_210' title='bbox 274 2770 361 2832; x_wconf 85' lang='grc'><strong>33333</strong></span> <span class='ocrx_word' id='word_1_211' title='bbox 382 2765 583 2831; x_wconf 81' lang='grc'><strong>1113133313</strong></span> <span class='ocrx_word' id='word_1_212' title='bbox 601 2787 802 2830; x_wconf 78' lang='lat' dir='ltr'><strong>summorum</strong></span> <span class='ocrx_word' id='word_1_213' title='bbox 819 2765 1053 2851; x_wconf 85' lang='lat' dir='ltr'><strong>imperatorum</strong></span> <span class='ocrx_word' id='word_1_214' title='bbox 1071 2767 1175 2833; x_wconf 85' lang='lat' dir='ltr'><strong>incisa</strong></span> 
     </span>
     <span class='ocr_line' id='line_1_28' title="bbox 164 2854 1174 2939; baseline -0.001 -17"><span class='ocrx_word' id='word_1_215' title='bbox 164 2856 376 2922; x_wconf 79' lang='lat' dir='ltr'><strong>monimentis:</strong></span> <span class='ocrx_word' id='word_1_216' title='bbox 399 2871 492 2919; x_wconf 82' lang='grc'><strong>3333</strong></span> <span class='ocrx_word' id='word_1_217' title='bbox 510 2871 644 2918; x_wconf 79' lang='grc'><strong>333333</strong></span> <span class='ocrx_word' id='word_1_218' title='bbox 662 2870 891 2937; x_wconf 74' lang='grc'><strong>3333333333,</strong></span> <span class='ocrx_word' id='word_1_219' title='bbox 908 2854 973 2918; x_wconf 90' lang='lat' dir='ltr'><strong>nisi</strong></span> <span class='ocrx_word' id='word_1_220' title='bbox 992 2855 1116 2939; x_wconf 90' lang='lat' dir='ltr'><strong>aliquid</strong></span> <span class='ocrx_word' id='word_1_221' title='bbox 1134 2855 1174 2921; x_wconf 90' lang='lat' dir='ltr'><strong>de</strong></span> 
     </span>
     <span class='ocr_line' id='line_1_29' title="bbox 165 2941 1175 3028; baseline 0 -19"><span class='ocrx_word' id='word_1_222' title='bbox 165 2946 272 3010; x_wconf 90' lang='lat' dir='ltr'><strong>alieno</strong></span> <span class='ocrx_word' id='word_1_223' title='bbox 296 2941 530 3028; x_wconf 69' lang='lat' dir='ltr'><strong>accessissetl),</strong></span> <span class='ocrx_word' id='word_1_224' title='bbox 552 2942 714 3026; x_wconf 89' lang='lat' dir='ltr'><strong>imperare</strong></span> <span class='ocrx_word' id='word_1_225' title='bbox 737 2943 1013 3027; x_wconf 90' lang='lat' dir='ltr'><strong>quamplurimis,</strong></span> <span class='ocrx_word' id='word_1_226' title='bbox 1035 2942 1101 3009; x_wconf 91' lang='lat' dir='ltr'><strong>frui</strong></span> <span class='ocrx_word' id='word_1_227' title='bbox 1119 2966 1175 3009; x_wconf 85' lang='lat' dir='ltr'><strong>vo</strong></span> 
     </span>
     <span class='ocr_line' id='line_1_30' title="bbox 165 3030 1174 3117; baseline 0 -19"><span class='ocrx_word' id='word_1_228' title='bbox 165 3035 273 3117; x_wconf 90' lang='lat' dir='ltr'><strong>luptat</strong></span> <span class='ocrx_word' id='word_1_229' title='bbox 274 3032 361 3115; x_wconf 91' lang='lat' dir='ltr'><strong>ibus,</strong></span> <span class='ocrx_word' id='word_1_230' title='bbox 384 3030 522 3115; x_wconf 91' lang='lat' dir='ltr'><strong>pollere,</strong></span> <span class='ocrx_word' id='word_1_231' title='bbox 545 3050 691 3114; x_wconf 81' lang='lat' dir='ltr'><strong>regnare,</strong></span> <span class='ocrx_word' id='word_1_232' title='bbox 715 3030 890 3114; x_wconf 81' lang='lat' dir='ltr'><strong>dominari3</strong></span> <span class='ocrx_word' id='word_1_233' title='bbox 912 3030 1039 3096; x_wconf 88' lang='lat' dir='ltr'><strong>iustitia</strong></span> <span class='ocrx_word' id='word_1_234' title='bbox 1063 3037 1174 3098; x_wconf 89' lang='lat' dir='ltr'><strong>autem</strong></span> 
     </span>
     <span class='ocr_line' id='line_1_31' title="bbox 165 3118 1219 3220; baseline -0.006 -34"><span class='ocrx_word' id='word_1_235' title='bbox 165 3120 332 3220; x_wconf 87' lang='lat' dir='ltr'><strong>praecipit</strong></span> <span class='ocrx_word' id='word_1_236' title='bbox 346 3139 478 3204; x_wconf 89' lang='lat' dir='ltr'><strong>parcere</strong></span> <span class='ocrx_word' id='word_1_237' title='bbox 497 3118 656 3201; x_wconf 90' lang='lat' dir='ltr'><strong>omnibus,</strong></span> <span class='ocrx_word' id='word_1_238' title='bbox 679 3119 847 3184; x_wconf 87' lang='lat' dir='ltr'><strong>consulere</strong></span> <span class='ocrx_word' id='word_1_239' title='bbox 866 3119 977 3203; x_wconf 83' lang='lat' dir='ltr'><strong>generi</strong></span> <span class='ocrx_word' id='word_1_240' title='bbox 993 3120 1174 3206; x_wconf 89' lang='lat' dir='ltr'><strong>hominum,</strong></span> <span class='ocrx_word' id='word_1_241' title='bbox 1189 3141 1219 3181; x_wconf 84' lang='lat' dir='ltr'><strong>eo</strong></span> 
     </span>
     <span class='ocr_line' id='line_1_32' title="bbox 166 3206 1175 3292; baseline 0.001 -18"><span class='ocrx_word' id='word_1_242' title='bbox 166 3231 261 3274; x_wconf 89' lang='lat' dir='ltr'><strong>suum</strong></span> <span class='ocrx_word' id='word_1_243' title='bbox 283 3207 397 3292; x_wconf 89' lang='lat' dir='ltr'><strong>cuique</strong></span> <span class='ocrx_word' id='word_1_244' title='bbox 420 3206 566 3290; x_wconf 86' lang='lat' dir='ltr'><strong>reddere,</strong></span> <span class='ocrx_word' id='word_1_245' title='bbox 593 3228 696 3290; x_wconf 85' lang='grc'><strong>33333,</strong></span> <span class='ocrx_word' id='word_1_246' title='bbox 719 3206 864 3292; x_wconf 92' lang='lat' dir='ltr'><strong>publica,</strong></span> <span class='ocrx_word' id='word_1_247' title='bbox 887 3207 994 3272; x_wconf 84' lang='grc'><strong>311333</strong></span> <span class='ocrx_word' id='word_1_248' title='bbox 1015 3229 1082 3273; x_wconf 87' lang='grc'><strong>333</strong></span> <span class='ocrx_word' id='word_1_249' title='bbox 1103 3213 1175 3275; x_wconf 88' lang='grc'><strong>333-</strong></span> 
     </span>
     <span class='ocr_line' id='line_1_33' title="bbox 165 3292 1176 3397; baseline 0.003 -37"><span class='ocrx_word' id='word_1_250' title='bbox 165 3326 193 3376; x_wconf 89' lang='lat' dir='ltr'><strong>p.</strong></span> <span class='ocrx_word' id='word_1_251' title='bbox 213 3298 260 3376; x_wconf 83' lang='grc'><strong>48]</strong></span> <span class='ocrx_word' id='word_1_252' title='bbox 247 3298 373 3394; x_wconf 82' lang='lat' dir='ltr'><strong>]gere.</strong></span> <span class='ocrx_word' id='word_1_253' title='bbox 398 3292 512 3376; x_wconf 59' lang='lat' dir='ltr'><strong>{Quid</strong></span> <span class='ocrx_word' id='word_1_254' title='bbox 542 3294 644 3379; x_wconf 80' lang='lat' dir='ltr'><strong>igitur</strong></span> <span class='ocrx_word' id='word_1_255' title='bbox 675 3294 827 3380; x_wconf 87' lang='lat' dir='ltr'><strong>efficitur,</strong></span> <span class='ocrx_word' id='word_1_256' title='bbox 857 3295 886 3360; x_wconf 89' lang='lat' dir='ltr'><strong>si</strong></span> <span class='ocrx_word' id='word_1_257' title='bbox 913 3297 1092 3397; x_wconf 80' lang='lat' dir='ltr'><strong>sapientiae</strong></span> <span class='ocrx_word' id='word_1_258' title='bbox 1119 3321 1176 3384; x_wconf 86' lang='lat' dir='ltr'><strong>pa</strong></span> 
     </span>
     <span class='ocr_line' id='line_1_34' title="bbox 166 3381 1175 3472; baseline 0.003 -24"><span class='ocrx_word' id='word_1_259' title='bbox 166 3384 263 3449; x_wconf 79' lang='lat' dir='ltr'><strong>reas?</strong></span> <span class='ocrx_word' id='word_1_260' title='bbox 300 3381 445 3464; x_wconf 85' lang='lat' dir='ltr'><strong>divitiae,</strong></span> <span class='ocrx_word' id='word_1_261' title='bbox 481 3384 677 3466; x_wconf 87' lang='lat' dir='ltr'><strong>potestates,</strong></span> <span class='ocrx_word' id='word_1_262' title='bbox 713 3404 804 3468; x_wconf 89' lang='lat' dir='ltr'><strong>opes,</strong></span> <span class='ocrx_word' id='word_1_263' title='bbox 840 3383 993 3469; x_wconf 88' lang='lat' dir='ltr'><strong>honores,</strong></span> <span class='ocrx_word' id='word_1_264' title='bbox 1030 3384 1175 3472; x_wconf 90' lang='lat' dir='ltr'><strong>imperia,</strong></span> 
     </span>
     <span class='ocr_line' id='line_1_35' title="bbox 167 3431 1175 3556; baseline 0.003 -21"><span class='ocrx_word' id='word_1_265' title='bbox 167 3492 269 3556; x_wconf 77' lang='lat' dir='ltr'><strong>regna</strong></span> <span class='ocrx_word' id='word_1_266' title='bbox 306 3469 359 3533; x_wconf 83' lang='lat' dir='ltr'><strong>vel</strong></span> <span class='ocrx_word' id='word_1_267' title='bbox 394 3431 532 3553; x_wconf 82' lang='lat' dir='ltr'><strong>privatis</strong></span> <span class='ocrx_word' id='word_1_268' title='bbox 568 3470 621 3535; x_wconf 85' lang='lat' dir='ltr'><strong>vel</strong></span> <span class='ocrx_word' id='word_1_269' title='bbox 653 3469 791 3554; x_wconf 85' lang='lat' dir='ltr'><strong>populis.</strong></span> <span class='ocrx_word' id='word_1_270' title='bbox 846 3469 909 3535; x_wconf 87' lang='lat' dir='ltr'><strong>Sed</strong></span> <span class='ocrx_word' id='word_1_271' title='bbox 945 3473 1098 3555; x_wconf 91' lang='lat' dir='ltr'><strong>quoniam</strong></span> <span class='ocrx_word' id='word_1_272' title='bbox 1136 3475 1175 3538; x_wconf 90' lang='lat' dir='ltr'><strong>de</strong></span> 
     </span>
     <span class='ocr_line' id='line_1_36' title="bbox 167 3556 1219 3647; baseline 0.005 -25"><span class='ocrx_word' id='word_1_273' title='bbox 167 3580 202 3622; x_wconf 91' lang='lat' dir='ltr'><strong>re</strong></span> <span class='ocrx_word' id='word_1_274' title='bbox 233 3556 364 3642; x_wconf 93' lang='lat' dir='ltr'><strong>publica</strong></span> <span class='ocrx_word' id='word_1_275' title='bbox 391 3556 567 3642; x_wconf 89' lang='lat' dir='ltr'><strong>loquimur,</strong></span> <span class='ocrx_word' id='word_1_276' title='bbox 599 3561 675 3621; x_wconf 88' lang='grc'><strong>3333</strong></span> <span class='ocrx_word' id='word_1_277' title='bbox 701 3557 904 3641; x_wconf 89' lang='lat' dir='ltr'><strong>inlustriora,</strong></span> <span class='ocrx_word' id='word_1_278' title='bbox 937 3580 1018 3643; x_wconf 88' lang='lat' dir='ltr'><strong>quae</strong></span> <span class='ocrx_word' id='word_1_279' title='bbox 1046 3562 1175 3647; x_wconf 89' lang='lat' dir='ltr'><strong>publice</strong></span> <span class='ocrx_word' id='word_1_280' title='bbox 1190 3579 1219 3621; x_wconf 74' lang='lat'><strong>³⁵</strong></span> 
     </span>
    </p>
   </div>
   <div class='ocr_carea' id='block_1_5' title="bbox 0 0 1341 3924">
    <p class='ocr_par' dir='ltr' id='par_1_6' title="bbox 0 0 1341 3924">
     <span class='ocr_line' id='line_1_37' title="bbox 0 0 1341 3924; baseline 0 0"><span class='ocrx_word' id='word_1_281' title='bbox 0 0 1341 3924; x_wconf 95' lang='lat' dir='ltr'><strong> </strong></span> 
     </span>
    </p>
   </div>
  </div>
 </body>
</html>
