2652 3908
245 176 252 186 ’
346 192 415 249 LIB.
433 193 469 252 IL
493 192 569 249 car.
589 201 702 251 ar-aa.
726 201 874 261 §os-cr.
1071 196 1113 261 67

100 338 253 425 dicitur),
275 338 356 405 haec
383 336 591 424 potissimum
616 340 766 425 providet
789 343 822 406 et
843 341 878 405 in
899 339 952 406 his
975 341 1115 409 maxime

99 430 157 492 est
177 431 344 512 occupata,
366 427 509 513 primum
531 431 569 492 ut
591 429 729 494 mundus
748 451 846 513 quam
863 428 1052 515 aptissimus
1071 430 1115 495 sit

99 515 146 580 ad
168 515 438 601 permanendum,
468 515 581 582 deinde
603 519 642 582 ut
663 517 755 583 nulla
776 539 811 582 re
834 520 939 604 egeat,
965 539 1114 585 maxume

99 607 215 669 autem
245 608 283 669 ut
311 604 348 668 in
375 625 415 670 eo
442 604 560 669 eximia
585 604 793 691 pulchritudo
821 605 986 692 citatque
1010 607 1114 672 omnis

69 696 250 758 tornatus.

169 780 305 847 Dictum
328 783 380 847 est
402 780 441 846 de
462 781 614 847 universo
637 782 769 867 mundo,
797 782 919 849 dictum
942 783 1042 848 etiam
1065 787 1115 849 est
1125 746 1164 873 25²}

99 869 144 935 de
163 869 334 952 sideribus,
352 869 473 935 utiam
492 891 594 956 prope
612 871 744 937 modum
763 874 920 958 appareat
938 871 1114 939 multitudo

97 979 163 1024 nec
192 958 391 1024 cessantium
414 957 548 1025 deorum
570 972 704 1045 necea,
735 981 816 1044 quae
840 964 954 1047 agant,
982 960 1116 1029 molien-

98 1046 188 1112 tium
207 1068 282 1113 cum
300 1046 413 1112 labore
431 1068 569 1132 operoso
588 1069 626 1114 ac
643 1048 792 1114 molesto.
824 1046 902 1114 Non
919 1048 1005 1115 enim
1023 1048 1114 1115 uenis

59 1154 87 1194 ro
102 1139 138 1200 et
158 1135 271 1200 nervis
296 1139 329 1200 et
352 1135 480 1201 ossibus
504 1136 711 1202 continentur
733 1159 792 1203 nec
814 1136 856 1202 iis
879 1138 960 1204 escis
984 1142 1042 1204 aut
1059 1160 1114 1224 po

102 1223 250 1289 tionibus
273 1228 457 1308 vescuntur,
478 1227 517 1289 ut
540 1228 597 1290 aut
618 1224 717 1290 nimis
741 1246 830 1292 acres
850 1230 907 1292 aut
925 1226 1023 1293 nimis
1042 1247 1115 1292 con·

104 1315 212 1377 cretos
240 1334 369 1378 umores
393 1312 573 1401 conligant,
600 1334 660 1380 nec
682 1313 722 1379 iis
746 1315 935 1400 corporibus
959 1318 1048 1399 sunt,
1076 1318 1114 1381 ut

103 1421 200 1466 casus
228 1405 286 1466 aut
311 1401 395 1467 ictus
424 1401 637 1467 extimescant
664 1406 721 1468 aut
749 1402 882 1469 morbos
905 1406 1053 1469 metuant
1075 1425 1113 1469 ex

103 1488 339 1576 defetigatione
363 1490 597 1574 membrorum3
624 1512 705 1576 quae
727 1512 842 1556 verens
864 1490 1025 1576 Epicurus
1048 1514 1114 1558 mo-

59 1595 316 1665 rsnogrammos
354 1579 430 1644 deos
468 1582 501 1644 et
535 1578 619 1644 nihil
655 1582 789 1667 agentes
821 1583 1023 1646 commentus
1055 1583 1113 1646 est.

101 1666 160 1731 Illi
191 1671 301 1732 autem
329 1667 549 1752 pulcherrima
575 1666 683 1734 forma
709 1666 849 1753 praediti
876 1666 1113 1753 purissimaque
1133 1682 1165 1733 oo

102 1755 139 1819 in
162 1754 297 1842 regione
320 1756 402 1821 caeli
424 1755 577 1823 collocati
598 1756 647 1822 ita
668 1756 818 1822 feruntur
841 1755 1114 1842 moderanturque

102 1865 233 1927 cursus,
263 1847 301 1908 ut
329 1844 370 1909 ad
397 1844 507 1911 omnia
534 1845 754 1911 conservanda
780 1848 814 1911 et
841 1845 962 1911 tuenda
983 1867 1114 1913 consen·

103 1931 189 1997 sisse
211 1932 391 1998 videantur.

62 2038 90 2080 ao
172 2019 298 2086 Multae
329 2025 439 2087 autem
472 2022 555 2089 aliae
587 2026 723 2089 naturae
755 2022 889 2089 deorum
919 2044 958 2090 ex
985 2023 1113 2109 magnis

102 2108 269 2174 beneficiis
292 2131 404 2176 eorum
425 2132 491 2177 non
514 2110 584 2176 sine
607 2133 704 2178 causa
726 2115 760 2177 et
782 2109 971 2178 aGraeciae
989 2113 1113 2197 sapien·

102 2197 243 2263 tissima
267 2201 300 2263 et
323 2220 343 2264 a
364 2198 542 2265 maioribus
559 2201 682 2266 nostris
701 2199 898 2266 constitutae
914 2201 1113 2267 nominatae·

104 2307 168 2371 que
195 2290 282 2353 sunt.
327 2285 485 2373 Quicquid
515 2288 601 2353 enim
622 2309 777 2375 magnam
799 2289 978 2355 utilitatem
1002 2289 1113 2376 generi

105 2373 249 2440 adferret
277 2374 433 2461 humano,
461 2375 495 2441 id
524 2398 592 2442 non
624 2377 693 2443 sine
721 2376 830 2443 divina
857 2377 1009 2443 bonitate
1034 2399 1113 2465 erga

63 2480 90 2522 aa
103 2462 254 2529 homines
281 2464 352 2529 fieri
375 2463 628 2531 arbitrabantur.
672 2463 788 2551 Itaque
811 2470 882 2532 tum
903 2465 998 2549 illud,
1027 2466 1112 2551 quod

105 2554 178 2617 erat
201 2574 222 2618 a
242 2551 301 2618 deo
323 2556 446 2638 natum,
468 2553 599 2619 nomine
622 2553 726 2639 ipsius
744 2553 796 2619 dei
812 2555 1053 2639 nuncupabant,
1075 2557 1113 2619 ut

104 2662 179 2706 cum
200 2640 314 2728 fruges
337 2638 486 2707 Cererem
510 2641 730 2728 appellamus,
753 2642 865 2709 vinum
888 2647 998 2709 autem
1020 2640 1113 2709 Libe

103 2750 188 2814 rum,
212 2750 251 2795 ex
274 2751 338 2815 quo
360 2729 443 2795 illud
465 2729 622 2796 Terentii:

218 2849 307 2918 Sine
330 2850 468 2919 Cerere
491 2857 529 2919 et
551 2851 692 2921 Libero
713 2854 837 2942 friget
859 2854 1002 2937 Venus,

14 3028 19 3037 ·
64 2997 176 3060 utum
208 2997 317 3061 autem
346 3016 399 3061 res
426 2996 511 3082 ipsa,
540 2995 576 3061 in
599 3017 664 3082 qua
684 2996 735 3063 vis
757 2996 845 3062 inest
866 2997 971 3063 maior
994 2997 1112 3082 aliqua,
1132 3011 1164 3060 or

104 3083 152 3150 sic
179 3084 379 3170 appellatur,
406 3087 444 3149 ut
466 3106 505 3150 ea
526 3084 599 3170 ipsa
620 3086 807 3151 nominetur
829 3084 922 3171 deus,
948 3087 987 3151 ut
1008 3084 1112 3171 Fides,

103 3176 141 3239 ut
153 3171 257 3257 Mens,
280 3194 361 3257 quas
383 3173 418 3238 in
432 3170 596 3258 Capitolio
620 3172 783 3240 dedicatas
802 3172 948 3240 ridemus
966 3174 1112 3259 proxime

103 3259 194 3329 cM„
222 3261 364 3327 Aemilio
392 3258 527 3346 Scam03
554 3264 631 3328 ante
658 3266 769 3328 autem
797 3262 839 3327 ab
861 3263 902 3328 A.
925 3261 1030 3329 Atilio
1054 3261 1112 3330 Oa·

101 3349 209 3417 latino
232 3353 305 3416 erat
321 3348 417 3416 Fides
436 3354 633 3417 consecrata
664 3349 765 3416 Vides
778 3349 921 3417 Virtutis
944 3350 1112 3436 templum,

65 3438 194 3504 “vides
215 3437 361 3505 Honoris
384 3461 405 3505 a
425 3439 468 3506 Μ.
487 3438 642 3506 Marcello
664 3442 866 3523 renovatum,
890 3439 976 3524 quod
999 3440 1111 3505 multis

102 3531 180 3593 ante
208 3526 302 3593 annis
326 3531 397 3594 erat
418 3526 508 3593 bello
530 3525 698 3613 Ligustico
721 3550 741 3592 a
764 3526 800 3603 Q.
823 3526 965 3592 Maximo
989 3526 1112 3592 dedica-

861 3627 899 3683 δὴ
