<?xml version="1.0" encoding="UTF-8"?>
<!DOCTYPE html PUBLIC "-//W3C//DTD XHTML 1.0 Transitional//EN"
    "http://www.w3.org/TR/xhtml1/DTD/xhtml1-transitional.dtd">
<html xmlns="http://www.w3.org/1999/xhtml" xml:lang="en" lang="en">
 <head>
  <title>
</title>
<meta http-equiv="Content-Type" content="text/html;charset=utf-8" />
  <meta name='ocr-system' content='tesseract 3.04.00' />
  <meta name='ocr-capabilities' content='ocr_page ocr_carea ocr_par ocr_line ocrx_word'/>
</head>
<body>
  <div class='ocr_page' id='page_1' title='image "./mtulliiciceroni00salegoog_0392.png"; bbox 0 0 2654 3924; ppageno 0'>
   <div class='ocr_carea' id='block_1_1' title="bbox 392 234 1156 302">
    <p class='ocr_par' dir='ltr' id='par_1_1' title="bbox 392 234 1156 302">
     <span class='ocr_line' id='line_1_1' title="bbox 392 234 1156 302; baseline 0.005 -15"><span class='ocrx_word' id='word_1_1' title='bbox 392 235 459 291; x_wconf 90' lang='lat' dir='ltr'><strong>LIB.</strong></span> <span class='ocrx_word' id='word_1_2' title='bbox 478 235 526 290; x_wconf 90' lang='lat' dir='ltr'>III.</span> <span class='ocrx_word' id='word_1_3' title='bbox 546 234 622 290; x_wconf 77' lang='lat' dir='ltr'>OAP.</span> <span class='ocrx_word' id='word_1_4' title='bbox 644 241 754 290; x_wconf 75' lang='lat'>10-12.</span> <span class='ocrx_word' id='word_1_5' title='bbox 773 241 789 300; x_wconf 60' lang='grc' dir='ltr'>ᾖ</span> <span class='ocrx_word' id='word_1_6' title='bbox 809 242 921 290; x_wconf 75' lang='lat'>17-2‘2.</span> <span class='ocrx_word' id='word_1_7' title='bbox 1091 237 1156 302; x_wconf 77' lang='grc'><em>339</em></span> 
     </span>
    </p>
   </div>
   <div class='ocr_carea' id='block_1_2' title="bbox 65 379 1292 3719">
    <p class='ocr_par' dir='ltr' id='par_1_2' title="bbox 146 379 1158 728">
     <span class='ocr_line' id='line_1_2' title="bbox 215 379 1158 461; baseline 0.002 -16"><span class='ocrx_word' id='word_1_8' title='bbox 215 379 262 446; x_wconf 87' lang='lat' dir='ltr'><em>Ni</em></span> <span class='ocrx_word' id='word_1_9' title='bbox 288 379 386 460; x_wconf 82' lang='lat' dir='ltr'><em>fallor</em></span> <span class='ocrx_word' id='word_1_10' title='bbox 414 379 510 455; x_wconf 85' lang='lat' dir='ltr'><em>mim,</em></span> <span class='ocrx_word' id='word_1_11' title='bbox 540 397 628 444; x_wconf 89' lang='lat' dir='ltr'><em>omne</em></span> <span class='ocrx_word' id='word_1_12' title='bbox 655 398 784 461; x_wconf 71' lang='lat' dir='ltr'><em>reanum</em></span> <span class='ocrx_word' id='word_1_13' title='bbox 809 379 855 444; x_wconf 86' lang='lat' dir='ltr'><em>ml</em></span> <span class='ocrx_word' id='word_1_14' title='bbox 881 380 1046 461; x_wconf 76' lang='lat' dir='ltr'><em>imperinm</em></span> <span class='ocrx_word' id='word_1_15' title='bbox 1072 380 1158 449; x_wconf 84' lang='lat' dir='ltr'><em>bellis</em></span> 
     </span>
     <span class='ocr_line' id='line_1_3' title="bbox 147 466 1157 550; baseline 0.002 -17"><span class='ocrx_word' id='word_1_16' title='bbox 147 469 308 550; x_wconf 70' lang='lat' dir='ltr'><em>quaeritur</em></span> <span class='ocrx_word' id='word_1_17' title='bbox 333 473 363 533; x_wconf 85' lang='lat' dir='ltr'><em>et</em></span> <span class='ocrx_word' id='word_1_18' title='bbox 388 468 523 532; x_wconf 73' lang='lat' dir='ltr'><em>oiotoriis</em></span> <span class='ocrx_word' id='word_1_19' title='bbox 543 472 747 550; x_wconf 63' lang='lat' dir='ltr'><em>proponatur.</em></span> <span class='ocrx_word' id='word_1_20' title='bbox 791 466 891 532; x_wconf 86' lang='lat' dir='ltr'><em>Porro</em></span> <span class='ocrx_word' id='word_1_21' title='bbox 918 468 996 533; x_wconf 84' lang='lat' dir='ltr'><em>bella</em></span> <span class='ocrx_word' id='word_1_22' title='bbox 1016 474 1047 534; x_wconf 85' lang='lat' dir='ltr'><em>et</em></span> <span class='ocrx_word' id='word_1_23' title='bbox 1066 470 1157 535; x_wconf 83' lang='lat' dir='ltr'><em>rieta-</em></span> 
     </span>
     <span class='ocr_line' id='line_1_4' title="bbox 148 555 1157 638; baseline 0.002 -17"><span class='ocrx_word' id='word_1_24' title='bbox 148 558 216 621; x_wconf 91' lang='lat' dir='ltr'><em>riae</em></span> <span class='ocrx_word' id='word_1_25' title='bbox 238 557 336 638; x_wconf 80' lang='lat' dir='ltr'><em>raptis</em></span> <span class='ocrx_word' id='word_1_26' title='bbox 358 561 388 620; x_wconf 91' lang='lat' dir='ltr'><em>et</em></span> <span class='ocrx_word' id='word_1_27' title='bbox 408 556 517 620; x_wconf 86' lang='lat' dir='ltr'><em>eversis</em></span> <span class='ocrx_word' id='word_1_28' title='bbox 533 555 710 637; x_wconf 74' lang='lat' dir='ltr'><em>plnrinnim</em></span> <span class='ocrx_word' id='word_1_29' title='bbox 727 555 853 621; x_wconf 84' lang='lat' dir='ltr'><em>iirldms</em></span> <span class='ocrx_word' id='word_1_30' title='bbox 870 562 1016 621; x_wconf 74' lang='lat' dir='ltr'><em>constant.</em></span> <span class='ocrx_word' id='word_1_31' title='bbox 1047 556 1091 622; x_wconf 93' lang='lat' dir='ltr'><em>Id</em></span> <span class='ocrx_word' id='word_1_32' title='bbox 1106 578 1157 624; x_wconf 89' lang='lat' dir='ltr'><em>ne·</em></span> 
     </span>
     <span class='ocr_line' id='line_1_5' title="bbox 146 645 1158 728; baseline 0.003 -19"><span class='ocrx_word' id='word_1_33' title='bbox 146 645 265 727; x_wconf 70' lang='lat' dir='ltr'><em>ootinm</em></span> <span class='ocrx_word' id='word_1_34' title='bbox 299 646 365 709; x_wconf 87' lang='lat' dir='ltr'><em>sine</em></span> <span class='ocrx_word' id='word_1_35' title='bbox 395 645 521 708; x_wconf 86' lang='lat' dir='ltr'><em>deornm</em></span> <span class='ocrx_word' id='word_1_36' title='bbox 550 645 673 709; x_wconf 87' lang='lat' dir='ltr'><em>ininrio</em></span> <span class='ocrx_word' id='word_1_37' title='bbox 703 665 766 709; x_wconf 89' lang='lat' dir='ltr'><em>non</em></span> <span class='ocrx_word' id='word_1_38' title='bbox 796 649 856 721; x_wconf 74' lang='lat' dir='ltr'><em>est,⁸</em></span> <span class='ocrx_word' id='word_1_39' title='bbox 893 647 1012 710; x_wconf 75' lang='lat' dir='ltr'><em>iarden</em></span> <span class='ocrx_word' id='word_1_40' title='bbox 1041 650 1158 728; x_wconf 72' lang='lat' dir='ltr'><em>straaes</em></span> 
     </span>
    </p>

    <p class='ocr_par' dir='ltr' id='par_1_3' title="bbox 65 733 1292 3719">
     <span class='ocr_line' id='line_1_6' title="bbox 123 733 1158 815; baseline 0.002 -17"><span class='ocrx_word' id='word_1_41' title='bbox 123 734 303 798; x_wconf 71' lang='lat' dir='ltr'><em>imoeninm</em></span> <span class='ocrx_word' id='word_1_42' title='bbox 330 738 359 798; x_wconf 88' lang='lat' dir='ltr'><em>el</em></span> <span class='ocrx_word' id='word_1_43' title='bbox 381 733 574 815; x_wconf 74' lang='lat' dir='ltr'><em>templomim,</em></span> <span class='ocrx_word' id='word_1_44' title='bbox 598 753 692 814; x_wconf 77' lang='lat' dir='ltr'><em>pares</em></span> <span class='ocrx_word' id='word_1_45' title='bbox 714 734 817 798; x_wconf 79' lang='lat' dir='ltr'><em>coedes</em></span> <span class='ocrx_word' id='word_1_46' title='bbox 838 734 952 798; x_wconf 86' lang='lat' dir='ltr'><em>oioinm</em></span> <span class='ocrx_word' id='word_1_47' title='bbox 973 739 1003 799; x_wconf 86' lang='lat' dir='ltr'><em>et</em></span> <span class='ocrx_word' id='word_1_48' title='bbox 1022 737 1158 801; x_wconf 79' lang='lat' dir='ltr'><em>saoerdo</em></span> 
     </span>
     <span class='ocr_line' id='line_1_7' title="bbox 151 822 1158 906; baseline 0.002 -20"><span class='ocrx_word' id='word_1_49' title='bbox 151 826 216 886; x_wconf 92' lang='lat' dir='ltr'><em>tnm</em></span> <span class='ocrx_word' id='word_1_50' title='bbox 237 842 292 886; x_wconf 86' lang='lat' dir='ltr'><em>neo</em></span> <span class='ocrx_word' id='word_1_51' title='bbox 314 822 479 886; x_wconf 72' lang='lat' dir='ltr'><em>dissimiles</em></span> <span class='ocrx_word' id='word_1_52' title='bbox 499 822 630 903; x_wconf 77' lang='lat' dir='ltr'><em>rapinae</em></span> <span class='ocrx_word' id='word_1_53' title='bbox 651 841 813 886; x_wconf 89' lang='lat' dir='ltr'><em>saorariim</em></span> <span class='ocrx_word' id='word_1_54' title='bbox 835 822 1017 887; x_wconf 79' lang='lat' dir='ltr'><em>divitiarum</em></span> <span class='ocrx_word' id='word_1_55' title='bbox 1038 827 1068 887; x_wconf 88' lang='lat' dir='ltr'><em>et</em></span> <span class='ocrx_word' id='word_1_56' title='bbox 1082 844 1158 906; x_wconf 71' lang='lat' dir='ltr'><em>pro</em></span> 
     </span>
     <span class='ocr_line' id='line_1_8' title="bbox 148 909 1159 993; baseline 0.003 -19"><span class='ocrx_word' id='word_1_57' title='bbox 148 912 308 991; x_wconf 74' lang='lat' dir='ltr'><em>fanornm.</em></span> <span class='ocrx_word' id='word_1_58' title='bbox 356 910 415 974; x_wconf 81' lang='lat' dir='ltr'><em>Tot</em></span> <span class='ocrx_word' id='word_1_59' title='bbox 441 909 536 992; x_wconf 75' lang='lat' dir='ltr'><em>iaitnr</em></span> <span class='ocrx_word' id='word_1_60' title='bbox 562 911 724 992; x_wconf 71' lang='lat' dir='ltr'><em>somileaio</em></span> <span class='ocrx_word' id='word_1_61' title='bbox 746 909 972 989; x_wconf 81' lang='lat' dir='ltr'><em>Romanmiim,</em></span> <span class='ocrx_word' id='word_1_62' title='bbox 999 916 1072 993; x_wconf 80' lang='lat' dir='ltr'><em>qnot</em></span> <span class='ocrx_word' id='word_1_63' title='bbox 1098 917 1159 977; x_wconf 88' lang='lat' dir='ltr'><em>tro·</em></span> 
     </span>
     <span class='ocr_line' id='line_1_9' title="bbox 144 999 1158 1085; baseline 0.004 -23"><span class='ocrx_word' id='word_1_64' title='bbox 144 1019 237 1081; x_wconf 79' lang='lat' dir='ltr'><em>paea,</em></span> <span class='ocrx_word' id='word_1_65' title='bbox 259 1003 303 1064; x_wconf 88' lang='lat' dir='ltr'><em>tol</em></span> <span class='ocrx_word' id='word_1_66' title='bbox 319 999 428 1076; x_wconf 87' lang='lat' dir='ltr'><em>dedis,</em></span> <span class='ocrx_word' id='word_1_67' title='bbox 450 1003 524 1079; x_wconf 79' lang='lat' dir='ltr'><em>onor</em></span> <span class='ocrx_word' id='word_1_68' title='bbox 539 999 575 1063; x_wconf 90' lang='lat' dir='ltr'><em>de</em></span> <span class='ocrx_word' id='word_1_69' title='bbox 589 999 736 1081; x_wconf 72' lang='lat' dir='ltr'><em>oentilns</em></span> <span class='ocrx_word' id='word_1_70' title='bbox 755 999 912 1082; x_wconf 68' lang='lat' dir='ltr'><em>trinmidoi,</em></span> <span class='ocrx_word' id='word_1_71' title='bbox 931 1004 975 1064; x_wconf 91' lang='lat' dir='ltr'><em>tot</em></span> <span class='ocrx_word' id='word_1_72' title='bbox 985 1000 1158 1085; x_wconf 80' lang='lat' dir='ltr'><em>manubiae,</em></span> 
     </span>
     <span class='ocr_line' id='line_1_10' title="bbox 150 1086 1159 1169; baseline 0.003 -18"><span class='ocrx_word' id='word_1_73' title='bbox 150 1093 223 1169; x_wconf 72' lang='lat' dir='ltr'><em>anot</em></span> <span class='ocrx_word' id='word_1_74' title='bbox 257 1091 385 1152; x_wconf 85' lang='lat' dir='ltr'><em>manent</em></span> <span class='ocrx_word' id='word_1_75' title='bbox 418 1086 518 1151; x_wconf 84' lang='lat' dir='ltr'><em>adlini</em></span> <span class='ocrx_word' id='word_1_76' title='bbox 552 1087 722 1152; x_wconf 87' lang='lat' dir='ltr'><em>simnlaero</em></span> <span class='ocrx_word' id='word_1_77' title='bbox 757 1092 916 1169; x_wconf 76' lang='lat' dir='ltr'><em>centonem</em></span> <span class='ocrx_word' id='word_1_78' title='bbox 950 1089 1077 1154; x_wconf 77' lang='lat' dir='ltr'><em>deorrnn</em></span> <span class='ocrx_word' id='word_1_79' title='bbox 1106 1094 1159 1154; x_wconf 89' lang='lat' dir='ltr'><em>eto.</em></span> 
     </span>
     <span class='ocr_line' id='line_1_11' title="bbox 112 1174 841 1258; baseline 0 -18"><span class='ocrx_word' id='word_1_80' title='bbox 112 1176 379 1258; x_wconf 80' lang='lat' dir='ltr'><em>10(Tertnllianns</em></span> <span class='ocrx_word' id='word_1_81' title='bbox 401 1176 516 1257; x_wconf 72' lang='lat' dir='ltr'><em>apoloa.</em></span> <span class='ocrx_word' id='word_1_82' title='bbox 538 1178 582 1240; x_wconf 81' lang='grc'><em>25</em></span> <span class='ocrx_word' id='word_1_83' title='bbox 598 1196 633 1257; x_wconf 73' lang='lat' dir='ltr'><em>p.</em></span> <span class='ocrx_word' id='word_1_84' title='bbox 655 1180 719 1240; x_wconf 77' lang='lat'><em>164</em></span> <span class='ocrx_word' id='word_1_85' title='bbox 743 1174 841 1257; x_wconf 87' lang='lat' dir='ltr'><em>Odit.)</em></span> 
     </span>
     <span class='ocr_line' id='line_1_12' title="bbox 151 1262 1209 1348; baseline -0.001 -19"><span class='ocrx_word' id='word_1_86' title='bbox 151 1264 217 1345; x_wconf 80' lang='lat'>[15.</span> <span class='ocrx_word' id='word_1_87' title='bbox 232 1267 279 1345; x_wconf 80' lang='lat'><em>24]</em></span> <span class='ocrx_word' id='word_1_88' title='bbox 348 1262 529 1342; x_wconf 73' lang='lat' dir='ltr'><em>Carneades,</em></span> <span class='ocrx_word' id='word_1_89' title='bbox 547 1264 695 1345; x_wconf 78' lang='lat' dir='ltr'><em>qnoniam</em></span> <span class='ocrx_word' id='word_1_90' title='bbox 712 1269 802 1328; x_wconf 76' lang='lat' dir='ltr'><em>mant</em></span> <span class='ocrx_word' id='word_1_91' title='bbox 812 1265 950 1346; x_wconf 74' lang='lat' dir='ltr'><em>infirmo,</em></span> <span class='ocrx_word' id='word_1_92' title='bbox 966 1285 1045 1346; x_wconf 80' lang='lat' dir='ltr'><em>qnae</em></span> <span class='ocrx_word' id='word_1_93' title='bbox 1057 1287 1079 1329; x_wconf 88' lang='lat' dir='ltr'><em>a</em></span> <span class='ocrx_word' id='word_1_94' title='bbox 1086 1265 1157 1348; x_wconf 77' lang='lat' dir='ltr'><em>ploi-</em></span> <span class='ocrx_word' id='word_1_95' title='bbox 1177 1278 1209 1328; x_wconf 79' lang='lat'><em>21</em></span> 
     </span>
     <span class='ocr_line' id='line_1_13' title="bbox 152 1352 1160 1436; baseline 0.002 -18"><span class='ocrx_word' id='word_1_96' title='bbox 152 1353 284 1434; x_wconf 75' lang='lat' dir='ltr'><em>losoplois</em></span> <span class='ocrx_word' id='word_1_97' title='bbox 310 1352 543 1430; x_wconf 79' lang='lat' dir='ltr'><em>adserebantiir,</em></span> <span class='ocrx_word' id='word_1_98' title='bbox 569 1353 682 1417; x_wconf 88' lang='lat' dir='ltr'><em>snmsit</em></span> <span class='ocrx_word' id='word_1_99' title='bbox 701 1353 866 1418; x_wconf 79' lang='lat' dir='ltr'><em>andaciam</em></span> <span class='ocrx_word' id='word_1_100' title='bbox 887 1353 1055 1432; x_wconf 78' lang='lat' dir='ltr'><em>refellendi,</em></span> <span class='ocrx_word' id='word_1_101' title='bbox 1083 1357 1160 1436; x_wconf 79' lang='lat' dir='ltr'><em>qnia</em></span> 
     </span>
     <span class='ocr_line' id='line_1_14' title="bbox 150 1440 1160 1523; baseline 0.003 -18"><span class='ocrx_word' id='word_1_102' title='bbox 150 1442 250 1522; x_wconf 86' lang='lat' dir='ltr'><em>refelli</em></span> <span class='ocrx_word' id='word_1_103' title='bbox 275 1461 365 1523; x_wconf 79' lang='lat' dir='ltr'><em>posse</em></span> <span class='ocrx_word' id='word_1_104' title='bbox 391 1441 547 1505; x_wconf 83' lang='lat' dir='ltr'><em>intelleait.</em></span> <span class='ocrx_word' id='word_1_105' title='bbox 591 1440 675 1505; x_wconf 86' lang='lat' dir='ltr'><em>Eins</em></span> <span class='ocrx_word' id='word_1_106' title='bbox 701 1441 917 1522; x_wconf 72' lang='lat' dir='ltr'><em>disputationis</em></span> <span class='ocrx_word' id='word_1_107' title='bbox 943 1461 1066 1506; x_wconf 89' lang='lat' dir='ltr'><em>snmma</em></span> <span class='ocrx_word' id='word_1_108' title='bbox 1087 1443 1160 1508; x_wconf 81' lang='lat' dir='ltr'><em>leaeo</em></span> 
     </span>
     <span class='ocr_line' id='line_1_15' title="bbox 149 1529 1161 1611; baseline 0 -16"><span class='ocrx_word' id='word_1_109' title='bbox 149 1531 231 1611; x_wconf 81' lang='lat' dir='ltr'><em>snit:</em></span> <span class='ocrx_word' id='word_1_110' title='bbox 249 1531 323 1594; x_wconf 84' lang='lat' dir='ltr'><em>iiiia</em></span> <span class='ocrx_word' id='word_1_111' title='bbox 339 1529 400 1594; x_wconf 85' lang='lat' dir='ltr'><em>sili</em></span> <span class='ocrx_word' id='word_1_112' title='bbox 416 1529 553 1593; x_wconf 79' lang='lat' dir='ltr'><em>domines</em></span> <span class='ocrx_word' id='word_1_113' title='bbox 559 1549 620 1609; x_wconf 75' lang='lat' dir='ltr'><em>nro</em></span> <span class='ocrx_word' id='word_1_114' title='bbox 633 1529 766 1594; x_wconf 90' lang='lat' dir='ltr'><em>iitilitate</em></span> <span class='ocrx_word' id='word_1_115' title='bbox 778 1530 926 1607; x_wconf 78' lang='lat' dir='ltr'><em>sonnisse,</em></span> <span class='ocrx_word' id='word_1_116' title='bbox 944 1530 1161 1595; x_wconf 84' lang='lat' dir='ltr'><em>sollieitvaria</em></span> 
     </span>
     <span class='ocr_line' id='line_1_16' title="bbox 114 1618 1161 1700; baseline -0.001 -16"><span class='ocrx_word' id='word_1_117' title='bbox 114 1634 138 1674; x_wconf 82' lang='lat'><em>1⁵</em></span> <span class='ocrx_word' id='word_1_118' title='bbox 146 1639 207 1700; x_wconf 77' lang='lat' dir='ltr'><em>pro</em></span> <span class='ocrx_word' id='word_1_119' title='bbox 224 1618 360 1682; x_wconf 86' lang='lat' dir='ltr'><em>moribns</em></span> <span class='ocrx_word' id='word_1_120' title='bbox 377 1623 407 1681; x_wconf 84' lang='lat' dir='ltr'><em>et</em></span> <span class='ocrx_word' id='word_1_121' title='bbox 422 1619 507 1699; x_wconf 82' lang='lat' dir='ltr'><em>apnd</em></span> <span class='ocrx_word' id='word_1_122' title='bbox 522 1618 638 1681; x_wconf 84' lang='lat' dir='ltr'><em>eosdem</em></span> <span class='ocrx_word' id='word_1_123' title='bbox 649 1637 711 1699; x_wconf 74' lang='lat' dir='ltr'><em>nro</em></span> <span class='ocrx_word' id='word_1_124' title='bbox 732 1618 915 1700; x_wconf 73' lang='lat' dir='ltr'><em>temporibus</em></span> <span class='ocrx_word' id='word_1_125' title='bbox 926 1637 1015 1699; x_wconf 70' lang='lat' dir='ltr'><em>saepe</em></span> <span class='ocrx_word' id='word_1_126' title='bbox 1031 1624 1161 1698; x_wconf 86' lang='lat' dir='ltr'><em>mntata,</em></span> 
     </span>
     <span class='ocr_line' id='line_1_17' title="bbox 152 1704 1161 1783; baseline 0 -11"><span class='ocrx_word' id='word_1_127' title='bbox 152 1709 202 1772; x_wconf 85' lang='lat' dir='ltr'><em>ins</em></span> <span class='ocrx_word' id='word_1_128' title='bbox 220 1713 322 1771; x_wconf 83' lang='lat' dir='ltr'><em>antem</em></span> <span class='ocrx_word' id='word_1_129' title='bbox 338 1706 483 1770; x_wconf 89' lang='lat' dir='ltr'><em>natnrale</em></span> <span class='ocrx_word' id='word_1_130' title='bbox 495 1725 556 1770; x_wconf 89' lang='lat' dir='ltr'><em>esse</em></span> <span class='ocrx_word' id='word_1_131' title='bbox 568 1705 707 1783; x_wconf 90' lang='lat' dir='ltr'><em>nnllnm;</em></span> <span class='ocrx_word' id='word_1_132' title='bbox 726 1725 828 1771; x_wconf 82' lang='lat' dir='ltr'><em>omnes</em></span> <span class='ocrx_word' id='word_1_133' title='bbox 844 1711 874 1770; x_wconf 93' lang='lat' dir='ltr'><em>et</em></span> <span class='ocrx_word' id='word_1_134' title='bbox 888 1704 1025 1771; x_wconf 79' lang='lat' dir='ltr'><em>homines</em></span> <span class='ocrx_word' id='word_1_135' title='bbox 1038 1712 1068 1771; x_wconf 87' lang='lat' dir='ltr'><em>et</em></span> <span class='ocrx_word' id='word_1_136' title='bbox 1078 1707 1161 1773; x_wconf 89' lang='lat' dir='ltr'><em>alias</em></span> 
     </span>
     <span class='ocr_line' id='line_1_18' title="bbox 152 1794 1159 1878; baseline 0 -18"><span class='ocrx_word' id='word_1_137' title='bbox 152 1797 326 1860; x_wconf 81' lang='lat' dir='ltr'><em>animandos</em></span> <span class='ocrx_word' id='word_1_138' title='bbox 352 1796 396 1859; x_wconf 94' lang='lat' dir='ltr'><em>ad</em></span> <span class='ocrx_word' id='word_1_139' title='bbox 420 1794 567 1859; x_wconf 86' lang='lat' dir='ltr'><em>ntilitates</em></span> <span class='ocrx_word' id='word_1_140' title='bbox 592 1814 667 1859; x_wconf 84' lang='lat' dir='ltr'><em>siras</em></span> <span class='ocrx_word' id='word_1_141' title='bbox 687 1800 803 1858; x_wconf 84' lang='lat' dir='ltr'><em>natira</em></span> <span class='ocrx_word' id='word_1_142' title='bbox 825 1794 948 1858; x_wconf 86' lang='lat' dir='ltr'><em>dmente</em></span> <span class='ocrx_word' id='word_1_143' title='bbox 968 1795 1063 1874; x_wconf 70' lang='lat' dir='ltr'><em>terii,</em></span> <span class='ocrx_word' id='word_1_144' title='bbox 1085 1816 1159 1878; x_wconf 77' lang='lat' dir='ltr'><em>pro·</em></span> 
     </span>
     <span class='ocr_line' id='line_1_19' title="bbox 152 1882 1161 1964; baseline 0 -16"><span class='ocrx_word' id='word_1_145' title='bbox 152 1886 224 1949; x_wconf 90' lang='lat' dir='ltr'><em>inde</em></span> <span class='ocrx_word' id='word_1_146' title='bbox 244 1888 302 1948; x_wconf 88' lang='lat' dir='ltr'><em>ant</em></span> <span class='ocrx_word' id='word_1_147' title='bbox 322 1883 443 1947; x_wconf 89' lang='lat' dir='ltr'><em>nnllam</em></span> <span class='ocrx_word' id='word_1_148' title='bbox 465 1902 527 1948; x_wconf 84' lang='lat' dir='ltr'><em>esse</em></span> <span class='ocrx_word' id='word_1_149' title='bbox 548 1882 702 1948; x_wconf 81' lang='lat' dir='ltr'><em>iustitiam</em></span> <span class='ocrx_word' id='word_1_150' title='bbox 723 1888 792 1961; x_wconf 88' lang='lat' dir='ltr'><em>ant,</em></span> <span class='ocrx_word' id='word_1_151' title='bbox 819 1884 849 1947; x_wconf 91' lang='lat' dir='ltr'><em>si</em></span> <span class='ocrx_word' id='word_1_152' title='bbox 870 1883 913 1947; x_wconf 87' lang='lat' dir='ltr'><em>sit</em></span> <span class='ocrx_word' id='word_1_153' title='bbox 933 1883 1055 1964; x_wconf 73' lang='lat' dir='ltr'><em>aliana,</em></span> <span class='ocrx_word' id='word_1_154' title='bbox 1076 1904 1161 1948; x_wconf 90' lang='lat' dir='ltr'><em>snm·</em></span> 
     </span>
     <span class='ocr_line' id='line_1_20' title="bbox 153 1971 1292 2052; baseline -0.001 -15"><span class='ocrx_word' id='word_1_155' title='bbox 153 1993 238 2037; x_wconf 88' lang='lat' dir='ltr'><em>mam</em></span> <span class='ocrx_word' id='word_1_156' title='bbox 264 1991 326 2037; x_wconf 89' lang='lat' dir='ltr'><em>esse</em></span> <span class='ocrx_word' id='word_1_157' title='bbox 351 1971 528 2049; x_wconf 82' lang='lat' dir='ltr'><em>stultitiam,</em></span> <span class='ocrx_word' id='word_1_158' title='bbox 557 1971 704 2052; x_wconf 80' lang='lat' dir='ltr'><em>qnoniam</em></span> <span class='ocrx_word' id='word_1_159' title='bbox 730 1971 789 2036; x_wconf 82' lang='lat' dir='ltr'><em>sdii</em></span> <span class='ocrx_word' id='word_1_160' title='bbox 811 1975 928 2035; x_wconf 77' lang='lat' dir='ltr'><em>noceret</em></span> <span class='ocrx_word' id='word_1_161' title='bbox 949 1972 1061 2036; x_wconf 87' lang='lat' dir='ltr'><em>alienis</em></span> <span class='ocrx_word' id='word_1_162' title='bbox 1082 1992 1160 2036; x_wconf 90' lang='lat' dir='ltr'><em>oom—</em></span> <span class='ocrx_word' id='word_1_163' title='bbox 1289 2012 1292 2019; x_wconf 90' lang='lat'>·</span> 
     </span>
     <span class='ocr_line' id='line_1_21' title="bbox 114 2057 1161 2141; baseline -0.001 -15"><span class='ocrx_word' id='word_1_164' title='bbox 114 2079 140 2118; x_wconf 76' lang='lat'><em>20</em></span> <span class='ocrx_word' id='word_1_165' title='bbox 154 2062 252 2126; x_wconf 91' lang='lat' dir='ltr'><em>modis</em></span> <span class='ocrx_word' id='word_1_166' title='bbox 273 2060 440 2125; x_wconf 81' lang='lat' dir='ltr'><em>considens.</em></span> <span class='ocrx_word' id='word_1_167' title='bbox 476 2058 522 2123; x_wconf 86' lang='lat' dir='ltr'><em>El</em></span> <span class='ocrx_word' id='word_1_168' title='bbox 542 2058 692 2139; x_wconf 82' lang='lat' dir='ltr'><em>inferebat</em></span> <span class='ocrx_word' id='word_1_169' title='bbox 711 2057 785 2124; x_wconf 85' lang='lat' dir='ltr'><em>liaeo</em></span> <span class='ocrx_word' id='word_1_170' title='bbox 801 2064 998 2141; x_wconf 71' lang='lat' dir='ltr'><em>aranmmta:</em></span> <span class='ocrx_word' id='word_1_171' title='bbox 1021 2061 1161 2125; x_wconf 87' lang='lat' dir='ltr'><em>omnibns</em></span> 
     </span>
     <span class='ocr_line' id='line_1_22' title="bbox 147 2146 1161 2233; baseline 0 -19"><span class='ocrx_word' id='word_1_172' title='bbox 147 2150 287 2233; x_wconf 72' lang='lat' dir='ltr'><em>populis,</em></span> <span class='ocrx_word' id='word_1_173' title='bbox 309 2149 364 2232; x_wconf 75' lang='lat' dir='ltr'><em>qni</em></span> <span class='ocrx_word' id='word_1_174' title='bbox 384 2148 528 2229; x_wconf 75' lang='lat' dir='ltr'><em>florerent</em></span> <span class='ocrx_word' id='word_1_175' title='bbox 548 2148 689 2229; x_wconf 75' lang='lat' dir='ltr'><em>imperio,</em></span> <span class='ocrx_word' id='word_1_176' title='bbox 716 2153 745 2215; x_wconf 85' lang='lat' dir='ltr'><em>et</em></span> <span class='ocrx_word' id='word_1_177' title='bbox 765 2146 918 2212; x_wconf 82' lang='lat' dir='ltr'><em>Romanis</em></span> <span class='ocrx_word' id='word_1_178' title='bbox 939 2167 1055 2229; x_wconf 78' lang='lat' dir='ltr'><em>quoqne</em></span> <span class='ocrx_word' id='word_1_179' title='bbox 1075 2149 1161 2230; x_wconf 74' lang='lat' dir='ltr'><em>i&#39;osis,</em></span> 
     </span>
     <span class='ocr_line' id='line_1_23' title="bbox 153 2236 1161 2321; baseline 0 -19"><span class='ocrx_word' id='word_1_180' title='bbox 153 2239 208 2321; x_wconf 74' lang='lat' dir='ltr'><em>qni</em></span> <span class='ocrx_word' id='word_1_181' title='bbox 229 2239 321 2303; x_wconf 88' lang='lat' dir='ltr'><em>totins</em></span> <span class='ocrx_word' id='word_1_182' title='bbox 342 2237 424 2302; x_wconf 80' lang='lat' dir='ltr'><em>orbis</em></span> <span class='ocrx_word' id='word_1_183' title='bbox 439 2237 625 2318; x_wconf 78' lang='lat' dir='ltr'><em>polirontiir,</em></span> <span class='ocrx_word' id='word_1_184' title='bbox 646 2236 676 2302; x_wconf 86' lang='lat' dir='ltr'><em>si</em></span> <span class='ocrx_word' id='word_1_185' title='bbox 696 2237 772 2301; x_wconf 84' lang='lat' dir='ltr'><em>insti</em></span> <span class='ocrx_word' id='word_1_186' title='bbox 792 2237 888 2301; x_wconf 85' lang='lat' dir='ltr'><em>velint</em></span> <span class='ocrx_word' id='word_1_187' title='bbox 909 2256 979 2315; x_wconf 88' lang='lat' dir='ltr'><em>esse,</em></span> <span class='ocrx_word' id='word_1_188' title='bbox 1000 2236 1055 2301; x_wconf 83' lang='lat' dir='ltr'><em>looe</em></span> <span class='ocrx_word' id='word_1_189' title='bbox 1072 2238 1161 2302; x_wconf 81' lang='lat' dir='ltr'><em>estsi</em></span> 
     </span>
     <span class='ocr_line' id='line_1_24' title="bbox 154 2325 1162 2407; baseline -0.003 -15"><span class='ocrx_word' id='word_1_190' title='bbox 154 2327 256 2392; x_wconf 86' lang='lat' dir='ltr'><em>aliena</em></span> <span class='ocrx_word' id='word_1_191' title='bbox 278 2325 450 2403; x_wconf 82' lang='lat' dir='ltr'><em>restitnerit,</em></span> <span class='ocrx_word' id='word_1_192' title='bbox 472 2327 515 2389; x_wconf 94' lang='lat' dir='ltr'><em>ad</em></span> <span class='ocrx_word' id='word_1_193' title='bbox 535 2343 623 2390; x_wconf 83' lang='lat' dir='ltr'><em>casas</em></span> <span class='ocrx_word' id='word_1_194' title='bbox 645 2344 707 2389; x_wconf 86' lang='lat' dir='ltr'><em>esse</em></span> <span class='ocrx_word' id='word_1_195' title='bbox 728 2325 914 2390; x_wconf 82' lang='lat' dir='ltr'><em>redeandnm</em></span> <span class='ocrx_word' id='word_1_196' title='bbox 937 2329 967 2389; x_wconf 89' lang='lat' dir='ltr'><em>et</em></span> <span class='ocrx_word' id='word_1_197' title='bbox 983 2325 1018 2389; x_wconf 89' lang='lat' dir='ltr'><em>iri</em></span> <span class='ocrx_word' id='word_1_198' title='bbox 1036 2330 1162 2407; x_wconf 72' lang='lat' dir='ltr'><em>oyestate</em></span> 
     </span>
     <span class='ocr_line' id='line_1_25' title="bbox 154 2412 1162 2498; baseline -0.004 -17"><span class='ocrx_word' id='word_1_199' title='bbox 154 2436 191 2481; x_wconf 86' lang='lat' dir='ltr'><em>ao</em></span> <span class='ocrx_word' id='word_1_200' title='bbox 212 2415 346 2480; x_wconf 85' lang='lat' dir='ltr'><em>miseriis</em></span> <span class='ocrx_word' id='word_1_201' title='bbox 367 2414 537 2481; x_wconf 86' lang='lat' dir='ltr'><em>iaeendnm.</em></span> <span class='ocrx_word' id='word_1_202' title='bbox 563 2412 762 2496; x_wconf 78' lang='lat' dir='ltr'><em>(Lactantius</em></span> <span class='ocrx_word' id='word_1_203' title='bbox 774 2414 844 2478; x_wconf 81' lang='lat' dir='ltr'><em>inst.</em></span> <span class='ocrx_word' id='word_1_204' title='bbox 863 2414 922 2478; x_wconf 88' lang='lat' dir='ltr'><em>dio.</em></span> <span class='ocrx_word' id='word_1_205' title='bbox 943 2413 1035 2478; x_wconf 72' lang='lat'><strong><em>1⁷16.</em></strong></span> <span class='ocrx_word' id='word_1_206' title='bbox 1048 2414 1162 2498; x_wconf 81' lang='grc'><em>2-4.)</em></span> 
     </span>
     <span class='ocr_line' id='line_1_26' title="bbox 115 2501 1212 2568; baseline -0.001 -1"><span class='ocrx_word' id='word_1_207' title='bbox 115 2518 141 2560; x_wconf 73' lang='lat'><em>2⁶</em></span> <span class='ocrx_word' id='word_1_208' title='bbox 220 2501 351 2568; x_wconf 80' lang='lat' dir='ltr'><em>Snllata</em></span> <span class='ocrx_word' id='word_1_209' title='bbox 372 2501 532 2566; x_wconf 79' lang='lat' dir='ltr'><em>hominnm</em></span> <span class='ocrx_word' id='word_1_210' title='bbox 552 2502 713 2566; x_wconf 82' lang='lat' dir='ltr'><em>eoncordia</em></span> <span class='ocrx_word' id='word_1_211' title='bbox 734 2503 832 2566; x_wconf 90' lang='lat' dir='ltr'><em>oirtiis</em></span> <span class='ocrx_word' id='word_1_212' title='bbox 853 2501 943 2566; x_wconf 89' lang='lat' dir='ltr'><em>nnlla</em></span> <span class='ocrx_word' id='word_1_213' title='bbox 963 2506 1008 2565; x_wconf 87' lang='lat' dir='ltr'><em>est</em></span> <span class='ocrx_word' id='word_1_214' title='bbox 1028 2503 1161 2566; x_wconf 89' lang='lat' dir='ltr'><em>omnino.</em></span> <span class='ocrx_word' id='word_1_215' title='bbox 1180 2513 1212 2565; x_wconf 73' lang='lat'><em>22</em></span> 
     </span>
     <span class='ocr_line' id='line_1_27' title="bbox 157 2590 1164 2672; baseline 0 -18"><span class='ocrx_word' id='word_1_216' title='bbox 157 2591 242 2670; x_wconf 78' lang='lat' dir='ltr'><em>Qiiae</em></span> <span class='ocrx_word' id='word_1_217' title='bbox 258 2595 331 2656; x_wconf 80' lang='lat' dir='ltr'><em>siml</em></span> <span class='ocrx_word' id='word_1_218' title='bbox 347 2592 429 2655; x_wconf 86' lang='lat' dir='ltr'><em>enim</em></span> <span class='ocrx_word' id='word_1_219' title='bbox 437 2590 564 2672; x_wconf 76' lang='lat' dir='ltr'><em>patriae</em></span> <span class='ocrx_word' id='word_1_220' title='bbox 577 2590 733 2654; x_wconf 85' lang='lat' dir='ltr'><em>commoda</em></span> <span class='ocrx_word' id='word_1_221' title='bbox 745 2591 809 2654; x_wconf 92' lang='lat' dir='ltr'><em>nisi</em></span> <span class='ocrx_word' id='word_1_222' title='bbox 822 2590 949 2654; x_wconf 81' lang='lat' dir='ltr'><em>alterins</em></span> <span class='ocrx_word' id='word_1_223' title='bbox 961 2590 1095 2655; x_wconf 74' lang='lat' dir='ltr'><em>diritatis</em></span> <span class='ocrx_word' id='word_1_224' title='bbox 1107 2595 1164 2654; x_wconf 91' lang='lat' dir='ltr'><em>ant</em></span> 
     </span>
     <span class='ocr_line' id='line_1_28' title="bbox 152 2677 1163 2761; baseline 0.002 -19"><span class='ocrx_word' id='word_1_225' title='bbox 152 2679 252 2761; x_wconf 66' lang='lat' dir='ltr'><em>emtis</em></span> <span class='ocrx_word' id='word_1_226' title='bbox 273 2677 488 2743; x_wconf 79' lang='lat' dir='ltr'><em>incommoda?</em></span> <span class='ocrx_word' id='word_1_227' title='bbox 515 2678 550 2743; x_wconf 89' lang='lat' dir='ltr'><em>id</em></span> <span class='ocrx_word' id='word_1_228' title='bbox 569 2683 614 2743; x_wconf 85' lang='lat' dir='ltr'><em>est</em></span> <span class='ocrx_word' id='word_1_229' title='bbox 634 2679 711 2760; x_wconf 76' lang='lat' dir='ltr'><em>fines</em></span> <span class='ocrx_word' id='word_1_230' title='bbox 726 2698 902 2760; x_wconf 61' lang='lat' dir='ltr'><em>propedem</em></span> <span class='ocrx_word' id='word_1_231' title='bbox 923 2678 998 2743; x_wconf 86' lang='lat' dir='ltr'><em>aliis</em></span> <span class='ocrx_word' id='word_1_232' title='bbox 1018 2679 1163 2744; x_wconf 74' lang='lat' dir='ltr'><em>intentor</em></span> 
     </span>
     <span class='ocr_line' id='line_1_29' title="bbox 155 2766 1161 2938; baseline 0.002 -20"><span class='ocrx_word' id='word_1_233' title='bbox 155 2767 805 2936; x_wconf 46' lang='lat' dir='ltr'><em>Zilislassuoieriiiiiimoip&#39;iinieitw</em></span> <span class='ocrx_word' id='word_1_234' title='bbox 814 2766 1090 2938; x_wconf 50' lang='lat' dir='ltr'><em>msam</em></span> <span class='ocrx_word' id='word_1_235' title='bbox 1104 2817 1161 2921; x_wconf 67' lang='lat' dir='ltr'><em>&#39;ii</em></span> 
     </span>
     <span class='ocr_line' id='line_1_30' title="bbox 369 2903 695 2933; baseline -0.003 0"><span class='ocrx_word' id='word_1_236' title='bbox 369 2903 377 2933; x_wconf 72' lang='lat'><em>7</em></span> <span class='ocrx_word' id='word_1_237' title='bbox 686 2903 695 2932; x_wconf 77' lang='lat' dir='ltr'><em>t</em></span> 
     </span>
     <span class='ocr_line' id='line_1_31' title="bbox 116 2942 1161 3026; baseline 0.001 -19"><span class='ocrx_word' id='word_1_238' title='bbox 116 2959 143 3000; x_wconf 76' lang='lat' dir='ltr'><em>n</em></span> <span class='ocrx_word' id='word_1_239' title='bbox 156 2943 304 3025; x_wconf 69' lang='lat' dir='ltr'><em>anisiorit,</em></span> <span class='ocrx_word' id='word_1_240' title='bbox 321 2942 376 3007; x_wconf 83' lang='lat' dir='ltr'><em>lioi</em></span> <span class='ocrx_word' id='word_1_241' title='bbox 388 2946 434 3007; x_wconf 89' lang='lat' dir='ltr'><em>est</em></span> <span class='ocrx_word' id='word_1_242' title='bbox 445 2943 556 3007; x_wconf 79' lang='lat' dir='ltr'><em>eversis</em></span> <span class='ocrx_word' id='word_1_243' title='bbox 567 2942 741 3008; x_wconf 83' lang='lat' dir='ltr'><em>oim&#39;tatdns</em></span> <span class='ocrx_word' id='word_1_244' title='bbox 749 2943 947 3026; x_wconf 60' lang='lat' dir='ltr'><em>aaronque</em></span> <span class='ocrx_word' id='word_1_245' title='bbox 959 2943 1062 3009; x_wconf 75' lang='lat' dir='ltr'><em>deletis</em></span> <span class='ocrx_word' id='word_1_246' title='bbox 1074 2964 1161 3008; x_wconf 86' lang='lat' dir='ltr'><em>aira·</em></span> 
     </span>
     <span class='ocr_line' id='line_1_32' title="bbox 156 3030 1161 3114; baseline 0 -17"><span class='ocrx_word' id='word_1_247' title='bbox 156 3032 240 3097; x_wconf 90' lang='lat' dir='ltr'><em>rinm</em></span> <span class='ocrx_word' id='word_1_248' title='bbox 255 3031 391 3114; x_wconf 70' lang='lat' dir='ltr'><em>pecnnia</em></span> <span class='ocrx_word' id='word_1_249' title='bbox 412 3030 573 3111; x_wconf 80' lang='lat' dir='ltr'><em>referserit,</em></span> <span class='ocrx_word' id='word_1_250' title='bbox 595 3050 686 3113; x_wconf 68' lang='lat' dir='ltr'><em>aoros</em></span> <span class='ocrx_word' id='word_1_251' title='bbox 707 3033 825 3114; x_wconf 67' lang='lat' dir='ltr'><em>emerit,</em></span> <span class='ocrx_word' id='word_1_252' title='bbox 848 3033 925 3097; x_wconf 83' lang='lat' dir='ltr'><em>aives</em></span> <span class='ocrx_word' id='word_1_253' title='bbox 945 3051 1018 3097; x_wconf 85' lang='lat' dir='ltr'><em>siros</em></span> <span class='ocrx_word' id='word_1_254' title='bbox 1035 3032 1161 3114; x_wconf 76' lang='lat' dir='ltr'><em>lomiple-</em></span> 
     </span>
     <span class='ocr_line' id='line_1_33' title="bbox 159 3117 1163 3203; baseline -0.001 -19"><span class='ocrx_word' id='word_1_255' title='bbox 159 3121 248 3185; x_wconf 90' lang='lat' dir='ltr'><em>ti&#39;ores</em></span> <span class='ocrx_word' id='word_1_256' title='bbox 263 3119 376 3200; x_wconf 76' lang='lat' dir='ltr'><em>ferent,</em></span> <span class='ocrx_word' id='word_1_257' title='bbox 393 3117 442 3183; x_wconf 81' lang='lat' dir='ltr'><em>iiio</em></span> <span class='ocrx_word' id='word_1_258' title='bbox 460 3118 602 3184; x_wconf 81' lang='lat' dir='ltr'><em>landilns</em></span> <span class='ocrx_word' id='word_1_259' title='bbox 617 3118 719 3198; x_wconf 84' lang='lat' dir='ltr'><em>fertnr</em></span> <span class='ocrx_word' id='word_1_260' title='bbox 730 3121 766 3184; x_wconf 91' lang='lat' dir='ltr'><em>in</em></span> <span class='ocrx_word' id='word_1_261' title='bbox 780 3120 906 3199; x_wconf 88' lang='lat' dir='ltr'><em>oaelnm,</em></span> <span class='ocrx_word' id='word_1_262' title='bbox 920 3120 957 3185; x_wconf 90' lang='lat' dir='ltr'><em>in</em></span> <span class='ocrx_word' id='word_1_263' title='bbox 969 3119 1024 3185; x_wconf 80' lang='lat' dir='ltr'><em>hoo</em></span> <span class='ocrx_word' id='word_1_264' title='bbox 1030 3125 1163 3203; x_wconf 65' lang='lat' dir='ltr'><em>entatnr</em></span> 
     </span>
     <span class='ocr_line' id='line_1_34' title="bbox 156 3207 1163 3292; baseline 0.001 -19"><span class='ocrx_word' id='word_1_265' title='bbox 156 3229 279 3274; x_wconf 80' lang='lat' dir='ltr'><em>sermm</em></span> <span class='ocrx_word' id='word_1_266' title='bbox 305 3213 334 3274; x_wconf 87' lang='lat' dir='ltr'><em>et</em></span> <span class='ocrx_word' id='word_1_267' title='bbox 353 3207 491 3290; x_wconf 74' lang='lat' dir='ltr'><em>perfeeto</em></span> <span class='ocrx_word' id='word_1_268' title='bbox 512 3225 574 3271; x_wconf 89' lang='lat' dir='ltr'><em>esse</em></span> <span class='ocrx_word' id='word_1_269' title='bbox 594 3208 707 3285; x_wconf 87' lang='lat' dir='ltr'><em>oirtns;</em></span> <span class='ocrx_word' id='word_1_270' title='bbox 734 3210 789 3290; x_wconf 79' lang='lat' dir='ltr'><em>qni</em></span> <span class='ocrx_word' id='word_1_271' title='bbox 809 3229 895 3274; x_wconf 82' lang='lat' dir='ltr'><em>orror</em></span> <span class='ocrx_word' id='word_1_272' title='bbox 916 3228 980 3273; x_wconf 93' lang='lat' dir='ltr'><em>non</em></span> <span class='ocrx_word' id='word_1_273' title='bbox 1001 3209 1089 3274; x_wconf 92' lang='lat' dir='ltr'><em>modo</em></span> <span class='ocrx_word' id='word_1_274' title='bbox 1105 3230 1163 3292; x_wconf 75' lang='lat' dir='ltr'><em>po·</em></span> 
     </span>
     <span class='ocr_line' id='line_1_35' title="bbox 150 3295 1162 3380; baseline -0.001 -18"><span class='ocrx_word' id='word_1_275' title='bbox 150 3297 224 3380; x_wconf 73' lang='lat' dir='ltr'><em>pali</em></span> <span class='ocrx_word' id='word_1_276' title='bbox 249 3302 279 3362; x_wconf 89' lang='lat' dir='ltr'><em>et</em></span> <span class='ocrx_word' id='word_1_277' title='bbox 304 3297 528 3378; x_wconf 76' lang='lat' dir='ltr'><em>imperitoriim,</em></span> <span class='ocrx_word' id='word_1_278' title='bbox 553 3295 608 3360; x_wconf 87' lang='lat' dir='ltr'><em>sed</em></span> <span class='ocrx_word' id='word_1_279' title='bbox 634 3295 726 3360; x_wconf 85' lang='lat' dir='ltr'><em>etiam</em></span> <span class='ocrx_word' id='word_1_280' title='bbox 747 3296 997 3379; x_wconf 76' lang='lat' dir='ltr'><em>pliilosopliornm</em></span> <span class='ocrx_word' id='word_1_281' title='bbox 1023 3302 1079 3376; x_wconf 87' lang='lat' dir='ltr'><em>est,</em></span> <span class='ocrx_word' id='word_1_282' title='bbox 1108 3298 1162 3379; x_wconf 79' lang='lat' dir='ltr'><em>qni</em></span> 
     </span>
     <span class='ocr_line' id='line_1_36' title="bbox 117 3384 1166 3468; baseline 0.005 -24"><span class='ocrx_word' id='word_1_283' title='bbox 117 3390 315 3468; x_wconf 75' lang='lat' dir='ltr'><em>npramepta</em></span> <span class='ocrx_word' id='word_1_284' title='bbox 342 3403 458 3467; x_wconf 79' lang='lat' dir='ltr'><em>qnoqne</em></span> <span class='ocrx_word' id='word_1_285' title='bbox 485 3385 563 3449; x_wconf 92' lang='lat' dir='ltr'><em>dant</em></span> <span class='ocrx_word' id='word_1_286' title='bbox 590 3384 634 3448; x_wconf 88' lang='lat' dir='ltr'><em>ad</em></span> <span class='ocrx_word' id='word_1_287' title='bbox 659 3385 860 3464; x_wconf 86' lang='lat' dir='ltr'><em>iniistitimn,</em></span> <span class='ocrx_word' id='word_1_288' title='bbox 888 3405 927 3449; x_wconf 86' lang='lat' dir='ltr'><em>ne</em></span> <span class='ocrx_word' id='word_1_289' title='bbox 953 3385 1101 3450; x_wconf 86' lang='lat' dir='ltr'><em>stnltitiae</em></span> <span class='ocrx_word' id='word_1_290' title='bbox 1127 3404 1166 3450; x_wconf 83' lang='lat' dir='ltr'><em>aa</em></span> 
     </span>
     <span class='ocr_line' id='line_1_37' title="bbox 65 3470 1162 3557; baseline -0.003 -17"><span class='ocrx_word' id='word_1_291' title='bbox 65 3534 68 3540; x_wconf 91' lang='lat'>.</span> <span class='ocrx_word' id='word_1_292' title='bbox 156 3474 297 3539; x_wconf 86' lang='lat' dir='ltr'><em>malitiae</em></span> <span class='ocrx_word' id='word_1_293' title='bbox 312 3473 492 3555; x_wconf 76' lang='lat' dir='ltr'><em>disciplinae</em></span> <span class='ocrx_word' id='word_1_294' title='bbox 507 3473 676 3538; x_wconf 82' lang='lat' dir='ltr'><em>anotoritas</em></span> <span class='ocrx_word' id='word_1_295' title='bbox 692 3473 775 3539; x_wconf 75' lang='lat' dir='ltr'><em>desit.</em></span> <span class='ocrx_word' id='word_1_296' title='bbox 802 3470 1001 3557; x_wconf 79' lang='lat' dir='ltr'><em>(Lactantius</em></span> <span class='ocrx_word' id='word_1_297' title='bbox 1018 3474 1088 3538; x_wconf 91' lang='lat' dir='ltr'><em>inst.</em></span> <span class='ocrx_word' id='word_1_298' title='bbox 1103 3473 1162 3538; x_wconf 89' lang='lat' dir='ltr'><em>dio.</em></span> 
     </span>
     <span class='ocr_line' id='line_1_38' title="bbox 163 3562 462 3647; baseline 0.003 -20"><span class='ocrx_word' id='word_1_299' title='bbox 163 3562 215 3628; x_wconf 85' lang='lat' dir='ltr'><em>VI</em></span> <span class='ocrx_word' id='word_1_300' title='bbox 232 3567 261 3629; x_wconf 85' lang='lat'><em>6.</em></span> <span class='ocrx_word' id='word_1_301' title='bbox 282 3567 324 3627; x_wconf 85' lang='lat'><em>19</em></span> <span class='ocrx_word' id='word_1_302' title='bbox 345 3565 374 3626; x_wconf 87' lang='lat' dir='ltr'><em>et</em></span> <span class='ocrx_word' id='word_1_303' title='bbox 393 3562 462 3647; x_wconf 85' lang='grc'><em>23.)</em></span> 
     </span>
     <span class='ocr_line' id='line_1_39' title="bbox 895 3665 951 3719; baseline 0 0"><span class='ocrx_word' id='word_1_304' title='bbox 895 3665 951 3719; x_wconf 78' lang='lat' dir='ltr'><em>ii*</em></span> 
     </span>
    </p>
   </div>
   <div class='ocr_carea' id='block_1_3' title="bbox 0 0 1340 3924">
    <p class='ocr_par' dir='ltr' id='par_1_4' title="bbox 0 0 1340 3924">
     <span class='ocr_line' id='line_1_40' title="bbox 0 0 1340 3924; baseline 0 0"><span class='ocrx_word' id='word_1_305' title='bbox 0 0 1340 3924; x_wconf 95' lang='lat' dir='ltr'><em> </em></span> 
     </span>
    </p>
   </div>
  </div>
 </body>
</html>
