2652 3908
457 239 525 293 LlB.
544 239 578 293 11.
598 238 674 294 CAP.
695 246 719 294 1.
738 245 849 304 §1-3.
1097 238 1140 302 47

129 400 207 437 mum
225 381 342 437 ductum
361 384 405 437 est
421 397 439 435 a
457 398 524 451 corp
526 381 582 436 oris
601 379 716 435 humani
735 381 888 449 structura,
906 380 1027 435 alterum
1045 396 1063 434 a
1079 397 1143 451 per·

130 452 301 508 sectionibus
319 452 415 519 animi,
433 400 548 506 tertium
561 451 597 505 ab
611 450 745 520 utilitate,
764 467 848 519 quam
861 466 906 506 res
921 467 983 504 cum
998 451 1142 520 caelestes,

129 528 192 577 tum
214 525 363 578 terrestres
386 521 546 578 hominibus
568 521 710 588 adferant,
733 523 863 591 quartum
886 520 1006 590 denique
1024 523 1061 577 ab
1078 522 1142 577 illu·

129 595 239 663 strium,
254 594 355 663 quibus
369 592 399 647 di
414 592 612 662 consuluerint,
625 564 770 647 homihum
784 592 918 663 exemplis
933 596 1004 663 (cap.
1016 597 1141 665 33-66).

539 781 552 786 ..
557 777 742 786 ...um-.-

196 897 288 975 Quae
315 920 389 964 cum
412 896 512 964 Cotta
542 898 689 982 dixisset,
716 902 787 963 tum
810 896 968 964 Velleius.
996 897 1047 965 Ne
1070 920 1175 1002 ιιςο,1
1161 877 1177 941 Ῑ

127 988 246 1072 inquit,
270 987 429 1071 incautus,
453 987 509 1071 qui
527 1009 600 1053 cum
615 986 807 1052 Academico
828 988 991 1054 eteoclem
1010 955 1175 1053 rhetore1

130 1075 286 1163 congredi
316 1081 451 1142 conatus
479 1076 555 1140 siml
600 1074 688 1141 Nam
713 1097 817 1159 neque
843 1075 1037 1141 indisertum
1060 1078 1143 1142 Aca·

131 1166 292 1230 demicum
314 1163 556 1249 pertimuissem
579 1185 638 1229 neo
660 1163 729 1229 sine
752 1164 817 1229 ista
839 1164 1049 1251 philosophia
1071 1165 1142 1231 rho

103 1257 238 1320 sarem
263 1253 411 1336 quamvis
435 1252 655 1337 eloquentem,
678 1272 783 1336 neque
806 1253 891 1317 enim
914 1254 1046 1319 flumine
1069 1277 1142 1320 con·

130 1342 248 1407 turbor
267 1340 411 1406 inanium
429 1342 604 1407 verborum
620 1362 680 1406 neo
698 1340 882 1406 subtilitate
897 1344 1142 1427 sententiarum,

131 1432 160 1496 si
187 1430 346 1496 orationis
375 1434 426 1495 est
453 1429 591 1495 siccitas.
636 1428 686 1493 Tu
709 1434 831 1513 autem,
858 1428 973 1515 Cotta,
1003 1435 1141 1516 utraque

130 1541 165 1585 re
186 1518 337 1603 valuisti3
362 1540 482 1584 corona
504 1518 566 1583 tibi
589 1521 623 1584 et
644 1518 765 1584 iudices
789 1517 968 1584 defuerunt.
1013 1516 1076 1584 Sed
1099 1520 1142 1586 ad

131 1608 197 1673 ista
220 1607 317 1689 alias,
338 1628 424 1672 nuno
446 1605 615 1691 Lucilium,
639 1606 667 1671 si
689 1606 753 1691 ipsi
776 1607 980 1672 commodum
1004 1610 1063 1692 est,
1088 1631 1140 1673 au·

93 1713 117 1754 1⁰
131 1696 268 1761 diamus.
304 1694 388 1760 Tum
406 1693 544 1760 Balbus:
566 1693 713 1760 Eundem
732 1694 880 1778 equidem
899 1696 1012 1762 malim
1031 1697 1141 1762 audire
1160 1716 1177 1765 a

130 1783 278 1867 Cottam,
315 1784 407 1866 dum,
442 1804 507 1868 qua
539 1784 723 1867 eloquentia
755 1784 858 1848 falsos
889 1784 965 1849 deos
998 1788 1143 1871 sustulit,

130 1874 245 1940 eadem
268 1894 362 1938 veros
385 1872 525 1938 inducat.
560 1872 623 1938 Est
645 1873 731 1938 enim
755 1877 788 1937 et
806 1872 994 1958 philosophi
1013 1879 1045 1940 et
1064 1896 1142 1961 pon·

129 1962 228 2027 tificis
258 1965 291 2026 et
314 1959 392 2027 Cott
362 1964 431 2026 ttae
459 1961 497 2025 de
526 1961 575 2026 dis
601 1961 831 2026 inmortalibus
858 1962 978 2027 habere
1005 1984 1072 2027 non
1095 1985 1142 2029 or·

130 2053 317 2116 rantemet
338 2071 472 2136 vagam,
499 2053 536 2113 ιιι
559 2050 756 2132 Academici,
784 2050 853 2133 sed,
877 2053 914 2115 ut
935 2054 1011 2115 nost
1013 2052 1054 2134 ri,
1077 2056 1142 2117 sta·

92 2156 117 2195 ¹⁵
131 2139 232 2205 bilem
261 2142 447 2222 certamque
471 2142 543 2203 sent
545 2141 599 2202 ent
600 2138 673 2203 iam.
719 2136 806 2204 Nam
820 2143 904 2204 cont
907 2161 943 2203 ra
965 2138 1142 2225 Epicurum

132 2227 213 2293 saist
184 2249 398 2312 issuperque
421 2227 487 2291 dict
473 2231 544 2292 tum
567 2231 626 2292 est.
671 2224 734 2292 Sed
757 2248 837 2292 aveo
860 2227 980 2312 audire,
1003 2230 1073 2293 tu
1051 2251 1143 2384 ipse,

131 2314 241 2399 Cotta,
264 2315 342 2400 quid
360 2315 491 2380 sentias
528 2315 726 2400 An,mquit,
749 2316 872 2381 oblitus
891 2337 934 2401 es,
953 2317 1110 2400 quidmit
1111 2319 1143 2385 io

132 2404 279 2489 dixerim,
300 2402 429 2470 facilius
448 2408 542 2488 me,t
528 2367 649 2469 talibus
668 2405 861 2490 praesertim
879 2405 919 2470 de
937 2406 1043 2489 rebus,
1066 2408 1144 2491 quid

130 2515 198 2559 non
235 2492 403 2576 sentirem,
440 2514 538 2576 quam
570 2493 648 2577 quid
680 2493 850 2576 sentirem,
886 2515 982 2579 possa
1015 2495 1141 2561 dicere?

92 2598 118 2638 ιο
133 2580 256 2658 Quodsi
279 2581 434 2646 haberem
457 2580 592 2666 aliquid,
621 2581 707 2666 quod
729 2582 882 2666 liqueret,
908 2586 1020 2648 tamen
1042 2587 1075 2650 te
1097 2585 1176 2649 vie

132 2670 243 2736 cissim
271 2669 383 2735 audire
409 2670 542 2755 vellem,
569 2692 642 2735 cum
669 2670 739 2755 ipse
761 2674 830 2736 tam
853 2671 958 2736 multa
981 2671 1142 2738 dixissem.

132 2759 215 2825 Tum
238 2757 377 2823 Balbus:
400 2757 520 2824 Geram
542 2758 605 2824 tihi
628 2780 751 2824 morem
774 2763 808 2823 et
831 2780 928 2845 agam
952 2782 1049 2844 quam
1073 2762 1142 2826 bre

131 2848 276 2913 vissumo
309 2850 439 2932 potero,
475 2848 595 2912 etenim
626 2847 782 2913 convictis
814 2846 948 2932 Epicuri
979 2849 1142 2915 erroribus

132 2936 234 3023 longa
252 2936 291 3001 do
310 2957 383 3001 mea
401 2935 621 3020 disputatione
635 2935 782 3001 detracta
795 2936 900 3001 oratio
916 2941 975 3001 est.
1003 2936 1141 3004 Omnino
1259 2944 1260 2948 ’

95 3039 119 3082 2⁵
133 3025 282 3090 dividunt
303 3024 409 3091 nostri
430 3028 536 3089 totam
557 3024 657 3089 istam
676 3024 714 3089 de
732 3024 782 3089 dis
800 3024 1029 3090 inmortalibus
1048 3048 1142 3110 quae·

133 3113 275 3179 stionem
294 3111 330 3176 in
347 3112 451 3198 partis
470 3116 633 3196 quattuor.
668 3112 814 3178 Primum
834 3113 950 3179 docent
968 3134 1038 3180 esse
1056 3115 1158 3200 deoss

133 3201 247 3267 deinde
272 3201 384 3285 quales
408 3201 488 3285 sint,
510 3205 581 3266 tum
605 3201 759 3266 mundum
782 3202 824 3267 ab
847 3201 888 3266 iis
911 3202 1133 3269 administrari

156 3294 300 3356 ostremo
329 3289 496 3356 consulere
524 3310 578 3355 eos
606 3289 703 3355 rebus
730 3289 890 3355 humanis.
934 3290 1005 3357 Nos
1033 3296 1142 3357 autem

132 3313 195 3447 hoc
214 3398 372 3462 sermone,
396 3399 477 3463 quae
496 3378 607 3463 priora
625 3377 687 3443 duo
703 3382 787 3463 sunt,
806 3401 985 3463 sumamus;
1008 3381 1142 3446 tertium

96 3481 120 3525 ιο
134 3471 168 3532 et
200 3470 367 3552 quartum,
397 3465 474 3552 quia
505 3466 630 3531 maiora
661 3471 751 3549 sunt,
782 3471 862 3553 puto
894 3489 964 3532 esse
993 3468 1027 3532 in
1054 3468 1141 3533 aliud

134 3561 264 3640 tempus
293 3553 477 3620 differenda.
522 3553 656 3618 Minime
680 3575 770 3633 vero,
797 3554 904 3636 inquit
927 3554 1039 3628 Cotta3
1065 3577 1141 3619 nam

1133 3146 1182 3309 *kd
