2630 3904
38 156 68 187 ζ’
180 197 226 261 30
498 199 548 254 nn
566 200 718 255 rannac
735 199 891 259 nnonon

180 362 311 407 naevus.
347 341 403 408 Illi
424 347 536 411 tamen
557 345 620 412 hoc
643 346 753 412 lumen
774 345 954 411 videbatur.
991 342 1026 420 Q.
1045 341 1205 427 Catulus,

181 431 277 497 huius
301 433 447 519 collegae
466 438 500 501 et
516 434 689 500 familiaris
707 435 813 500 nostri
830 437 933 520 pater,
957 432 1071 499 dilexit
1089 434 1203 498 muni·

181 520 287 607 cipem
313 525 406 587 tuum
428 521 596 608 Roscium,
625 523 660 589 in
688 545 783 608 quem
807 524 907 588 etiam
929 521 1012 588 illud
1035 526 1087 587 est
1109 521 1201 587 eius:

249 642 513 712 Oonstiteram
536 648 775 713 exorientem
794 647 984 712 Auroram
1005 645 1110 711 forte
1134 667 1201 711 sa·

819 736 965 819 lutens,

293 821 384 888 Qum
407 824 538 890 subito
563 826 716 891 alaeve
738 824 901 891 Roscius
924 823 1110 889 exoritur.
1229 855 1243 897 ε

247 909 345 977 Pace
366 912 462 977 mihi
484 912 616 998 liceat,
638 914 843 999 caelestes,
867 913 993 978 dicere
1016 917 1170 997 vestre,

292 998 474 1066 Mortalis
493 1000 625 1067 ¹visust
647 1002 850 1088 pulchrior
873 1023 957 1067 esse
980 1000 1057 1067 deo.

180 1138 267 1209 Huic
278 1138 339 1203 deo
355 1140 537 1228 pulchrior3
563 1147 599 1209 at
622 1148 705 1229 erat,
733 1144 830 1211 sicuti
855 1142 952 1210 hodie
975 1145 1038 1226 est,
1065 1164 1199 1228 perver-

182 1228 320 1295 sissimis
343 1234 454 1298 oculis.
496 1231 580 1309 Quid
601 1232 710 1317 refert,
733 1233 762 1299 si
784 1233 846 1299 hoc
868 1232 977 1318 ipsum
999 1232 1124 1297 salsum
1141 1233 1197 1298 illi

129 1378 171 1442 29
182 1321 216 1383 et
238 1324 409 1386 venustum
423 1322 625 1424 ridebatur?
660 1321 769 1387 Redeo
793 1322 835 1387 ad
857 1322 943 1387 deos.
1173 1411 1181 1425 ο
1211 1349 1238 1390 rc

129 1455 163 1504 ⁸⁰
181 1407 792 1585 ailt⁰5al02⁰ffillltltc
808 1409 1195 1584 lihillilldh,

180 1587 364 1673 frontoneS,
394 1589 575 1674 capitones,
602 1609 684 1672 quae
711 1588 846 1653 suntin
866 1586 985 1654 nobis?
1017 1609 1059 1652 an
1082 1588 1195 1653 omnia
1300 1648 1301 1653 ,

183 1677 354 1743 emendata
382 1677 417 1743 in
443 1677 534 1743 illis?
579 1676 684 1742 Detur
709 1676 744 1741 id
766 1676 874 1760 vobis3
900 1698 980 1741 num
1003 1675 1103 1740 etiam
1125 1698 1193 1742 una
1300 1664 1301 1703 ¹

182 1768 233 1829 est
259 1766 404 1831 omnium
429 1765 553 1831 facies?
583 1787 661 1831 nem
688 1765 716 1830 si
742 1766 866 1851 plures,
898 1764 998 1830 aliam
1025 1785 1096 1830 esse
1125 1765 1192 1831 alia
1206 1791 1232 1833 rs

181 1854 400 1938 pulchriorem
427 1875 558 1919 necesse
585 1857 644 1919 est.
683 1852 792 1940 Igitur
819 1854 937 1938 aliquis
960 1875 1026 1919 non
1043 1852 1192 1937 pulcher·

181 1942 283 2008 rimus
302 1942 389 2008 deus.
422 1940 457 2007 Si
474 1964 540 2008 una
557 1942 702 2008 omnium
719 1942 819 2007 facies
839 1947 897 2026 est,
916 1944 1031 2008 florere
1048 1942 1084 2005 in
1101 1943 1191 2008 caelo

182 2030 392 2096 Academiam
418 2051 549 2096 necesse
576 2034 641 2115 est3
667 2030 805 2096 sienim
826 2031 909 2096 nihil
932 2032 1017 2096 inter
1040 2030 1136 2096 deum
1159 2034 1192 2095 et
1299 2040 1300 2049 ’

182 2120 277 2185 deum
300 2119 417 2203 differt,
438 2119 532 2184 nulla
553 2123 604 2184 est
627 2119 712 2204 apud
735 2120 812 2185 deos
835 2118 990 2207 cognitio,
1011 2119 1105 2185 nulle
1122 2141 1191 2205 per·

130 2207 298 2293 81ceptio.
343 2205 439 2291 Quid,
467 2208 496 2272 si
523 2208 634 2292 etiam,
663 2206 784 2291 Vellei,
812 2208 933 2273 falsum
954 2207 1036 2272 illud
1059 2208 1190 2274 omnino
1204 2232 1230 2274 ao

25 2306 28 2312 “
182 2301 246 2380 est,
272 2296 398 2361 nullam
421 2295 521 2361 aliam
543 2296 638 2363 nobis
661 2296 699 2362 de
723 2296 782 2363 deo
805 2297 1028 2384 cogitantibus
1051 2296 1190 2381 speciem

182 2384 245 2452 nisi
276 2384 418 2449 hominis
450 2386 638 2452 occurrere?
673 2390 826 2451 tamenne
856 2386 922 2451 ista
953 2389 1022 2450 tarn
1051 2385 1190 2451 absurde
1298 2430 1299 2455 ι

183 2472 355 2538 defendes?
387 2471 493 2539 Nobis
514 2473 656 2540 fortasse
674 2474 721 2541 sic
739 2474 887 2559 occurrit,
909 2478 948 2539 nt
966 2474 1058 2557 dicis3
1082 2495 1189 2560 epar·
1298 2478 1299 2527 l

182 2562 233 2627 vis
250 2561 337 2628 enirn
355 2560 476 2646 Iovem,
497 2561 664 2648 lunonem,
685 2562 875 2648 Minervam,
897 2561 1096 2648 Neptunum,
1112 2562 1188 2628 Vul-
1298 2530 1299 2625 l

182 2672 312 2735 canum,
345 2650 534 2737 Apollinem
568 2653 775 2736 reliquosque
807 2652 884 2717 deos
918 2673 958 2718 ee
989 2650 1073 2717 facie
1101 2651 1186 2718 nori·
1200 2674 1227 2716 a

185 2761 265 2825 mus,
288 2761 353 2824 qna
374 2739 515 2824 pictores
538 2740 731 2826 lictoresque
753 2740 935 2825 voluerunt,
957 2761 1061 2825 neque
1084 2741 1186 2806 solum
1297 2760 1298 2773 ¹

182 2828 274 2913 facie,
293 2829 349 2893 sed
363 2829 463 2894 etiam
477 2833 603 2913 ornatu,
616 2832 733 2912 aetate,
746 2829 881 2912 vestitu3
904 2832 940 2893 at
952 2850 1018 2895 non
1031 2829 1185 2915 Aegyptii
1274 2892 1278 2899 ,
1297 2866 1298 2869 =

182 2939 242 2983 nec
265 2915 338 3003 Syri
359 2938 418 2984 nec
439 2917 507 2983 fere
530 2922 646 2985 cuncta
667 2917 833 3001 berharia3
859 2917 1019 2983 firmiores
1043 2918 1128 2982 enim
1145 2916 1186 2983 vi·

183 3007 260 3071 deas
292 3005 378 3091 apud
410 3028 465 3072 eos
497 3007 664 3094 opiniones
692 3027 763 3091 esse
790 3007 829 3072 de
855 3005 970 3072 bestiis
998 3005 1185 3090 quibusdem

184 3116 282 3179 quam
309 3094 396 3181 apud
417 3117 478 3161 nos
501 3095 540 3161 de
563 3095 777 3161 sanctissimis
795 3095 928 3180 templis
952 3099 985 3160 et
1007 3094 1183 3161 simulacris
1196 3119 1222 3162 ro

131 3196 164 3245 82
184 3183 326 3249 deorum.
374 3184 507 3250 Etenim
537 3183 616 3250 fana
646 3184 751 3249 multa
783 3183 926 3269 spoliata
956 3188 990 3249 et
1016 3184 1184 3250 simulacre

80 3316 85 3327 ·
185 3272 317 3352 deorum
341 3272 379 3338 de
398 3272 479 3339 locis
497 3272 713 3338 sanctissimis
733 3271 845 3337 ablata
863 3272 1008 3338 videmus
1022 3295 1042 3337 a
1054 3275 1184 3355 nostris3

137 3360 140 3367 '
184 3364 220 3426 at
241 3383 318 3427 vero
340 3360 503 3427 nefando
527 3360 657 3445 quidem
679 3360 826 3426 auditum
849 3364 900 3425 est
919 3360 1114 3429 crocodilum
1133 3367 1183 3428 eut

183 3448 253 3515 ibin
280 3454 337 3515 aut
363 3450 482 3516 faelem
508 3448 668 3514 violatum
694 3449 736 3514 ab
759 3448 933 3536 Aegyptio.
977 3449 1060 3526 Quid
1089 3450 1183 3536 igitur

56 3584 60 3592 .
184 3540 317 3605 censes?
363 3539 463 3624 Apim
490 3537 598 3620 illum,
625 3541 772 3603 sanctum
800 3537 1038 3623 Aegyptiorum
1064 3541 1218 3619 bovena
