2654 3924
195 241 262 305 324
553 239 603 294 ΒΕ
620 238 670 293 RE
687 237 844 293 PUBLICA

194 385 387 451 constitutio
400 384 534 450 Romuli
555 406 630 450 cum
652 383 808 449 ducentos
826 405 928 449 annos
947 391 981 449 et
999 384 1118 471 viginti
1138 384 1213 452 fere

195 474 291 539 firma
312 474 501 539 mansisset.
516 523 523 537 .
538 523 568 538 ..
610 473 751 553 (Nouius
767 493 801 554 p.
823 476 896 538 526.
920 474 965 556 7.)

263 563 364 644 [Hinc
389 568 445 641 cst,
472 563 553 645 quod
577 562 709 643 repcbm
731 561 970 626 minationem
992 582 1057 627 aon
1076 562 1212 643 ferentes

192 673 305 717 aucae
325 652 457 734 immac
479 651 621 731 mboque
642 651 841 731 imperotores
861 650 921 714 cdi
938 650 1041 731 fecere,
1063 652 1118 733 qai
1136 671 1210 716 cosa

192 742 275 806 eules
297 740 445 822 appellati
465 743 540 804 aaut
560 759 582 800 a
603 739 798 816 ωηεαίεηᾱο,
819 758 883 803 noa
904 758 988 820 reyes
1009 744 1066 803 aut
1086 740 1211 805 domim
1239 759 1254 800 s

191 849 218 894 a
242 829 398 910 reccaredo
424 832 515 909 atqua
541 827 736 891 dominando.
781 824 992 909 (Aupaste'aus
1016 828 1054 892 dc
1079 829 1135 893 cio.
1157 829 1212 893 dei

195 1033 223 1086 p.
243 917 317 1085 35])
367 1003 500 1068 ...lex
518 1002 578 1067 illa
595 1006 668 1067 tcta
686 1002 817 1068 sublata
833 1006 892 1068 est.
924 1001 995 1069 Hac
1011 1006 1211 1072 mentatum

196 1092 302 1158 nostri
329 1091 468 1156 maiores
496 1094 530 1155 et
554 1089 764 1156 Conlatinum
790 1092 995 1156 innocentem
1022 1092 1210 1178 suspicione

194 1180 400 1266 cognationis
430 1179 623 1265 expulerunt
652 1183 685 1244 et
714 1179 857 1264 reliquos
885 1178 1079 1264 Tarquinios
1108 1181 1210 1247 offen·
1224 1202 1251 1243 ιο

195 1271 287 1335 sione
309 1268 464 1352 nominis3
487 1268 662 1352 eademque
685 1272 792 1333 mente
814 1266 850 1333 P.
869 1266 1021 1334 Valerius
1044 1272 1079 1335 at
1099 1268 1210 1337 fasces

197 1359 322 1444 primus
345 1356 473 1422 demitti
495 1357 604 1440 iussit,
628 1378 701 1421 cum
725 1356 830 1421 dicere
852 1355 888 1420 in
911 1354 1061 1422 contione
1084 1359 1210 1443 coepis-

193 1451 258 1532 set,
289 1451 323 1511 et
355 1445 443 1511 aedis
473 1465 548 1511 suas
575 1445 694 1509 detulit
720 1445 781 1509 sub
808 1443 952 1528 Veliam,
981 1450 1209 1530 posteaquam,

193 1536 282 1621 quod
307 1534 343 1599 in
365 1534 539 1599 excelsiore
561 1534 632 1599 loco
655 1531 769 1598 Veliae
792 1533 952 1618 coepisset
974 1534 1144 1600 aedificare
1167 1558 1209 1601 eo

195 1653 224 1705 p.
242 1626 290 1705 ae]
313 1624 399 1708 ipsc,
425 1622 482 1687 ubi
505 1643 561 1686 rex
580 1622 585 1705 Ι
606 1620 721 1686 'Pullus
744 1621 964 1705 habitaverat,
988 1624 1209 1707 suspicionem
1223 1644 1252 1685 is

194 1712 308 1799 populi
332 1711 433 1776 sensit
455 1710 592 1793 moveri,
619 1709 783 1794 idemque,
805 1710 840 1774 in
862 1731 926 1793 quo
948 1710 1013 1775 fuit
1035 1709 1209 1779 Publicola

195 1802 345 1882 maxime,
367 1801 473 1886 legem
497 1798 538 1863 ad
560 1799 717 1883 populum
740 1798 819 1862 tulit
842 1819 922 1883 eam,
946 1821 1027 1883 quae
1046 1802 1208 1867 centuria·

196 1891 240 1955 tis
263 1888 404 1955 comitiis
426 1887 533 1972 prima
550 1887 619 1951 lata
638 1891 697 1970 est,
719 1909 759 1952 ne
779 1887 851 1971 quis
870 1887 1083 1974 magistratus
1101 1889 1207 1955 civem

196 1979 379 2044 Romanum
408 1976 562 2041 adversus
589 1976 853 2060 provocationem
880 1981 1011 2041 necaret
1032 1998 1113 2043 neve
1135 2000 1207 2043 ver·

143 2084 177 2131 cc
196 2069 333 2133 beraret.
369 2063 638 2128 Provocationem
661 2067 770 2128 autem
794 2063 892 2128 etiam
916 2086 936 2129 a
954 2065 1085 2151 regibus
1103 2065 1207 2131 fuisse
1224 2088 1253 2127 ac

197 2155 363 2220 declarant
402 2152 562 2237 pontificii
602 2151 692 2234 libri,
734 2152 918 2237 significant
958 2155 1064 2218 nostri
1104 2154 1206 2220 etiam

196 2272 223 2323 p.
244 2243 309 2322 119]
333 2240 514 2327 augurales,
535 2239 701 2323 litemque
725 2241 766 2305 ab
790 2242 879 2305 omni
901 2241 1019 2306 iudicio
1036 2264 1206 2327 poenaque

196 2329 366 2416 provocari
389 2328 485 2393 licere
507 2327 652 2392 indicant
674 2346 725 2393 ΧΗ
748 2328 880 2393 tabulae
899 2330 1106 2414 conpluribus
1125 2331 1206 2417 legi·

195 2419 270 2502 bus3
293 2421 327 2482 et
349 2416 436 2502 quod
458 2416 623 2502 proditum
647 2417 822 2482 memoriae
845 2421 909 2499 est,
932 2419 1059 2502 xviros,
1082 2420 1138 2506 qui
1161 2421 1206 2485 le·

197 2529 253 2594 ges
278 2506 476 2590 scripserint,
500 2504 567 2570 sine
586 2506 816 2590 provocatione
836 2510 971 2588 creatos,
996 2509 1077 2572 satis
1097 2512 1204 2574 osten·
1220 2528 1251 2570 ss

197 2597 280 2661 derit
298 2595 441 2679 reliquos
456 2595 525 2659 sine
538 2595 768 2679 provocatione
783 2595 996 2679 magistratus
1010 2618 1077 2660 non
1089 2595 1205 2682 fuisse;

196 2685 349 2769 Luciique
372 2682 496 2747 Valerii
519 2682 621 2748 Potiti
649 2687 682 2746 et
704 2681 746 2746 M.
769 2681 901 2747 Horatii
923 2681 1074 2768 Barbati,
1101 2684 1205 2752 homi·

196 2796 273 2839 num
296 2771 485 2839 concordiae
509 2793 606 2836 causa
629 2770 792 2855 sapienter
816 2771 1036 2856 popularium,
1059 2775 1204 2839 consula·

196 2892 222 2942 p.
245 2862 309 2942 120]
333 2861 378 2925 ris
405 2861 457 2924 lex
485 2860 607 2941 sanxit,
631 2860 635 2941 Ι
660 2880 701 2922 ne
724 2859 780 2943 qui
803 2859 1016 2945 magistratus
1040 2861 1109 2927 sine
1130 2884 1204 2948 pro·

196 2950 364 3016 vocatione
393 2951 570 3031 crearetur3
599 2967 703 3030 neque
731 2968 806 3011 vero
835 2946 924 3032 leges
947 2946 1094 3034 Porciae,
1120 2972 1204 3034 quae
1219 2969 1250 3011 so

196 3042 263 3103 tres
286 3041 363 3102 sunt
385 3037 483 3101 trium
507 3034 708 3118 Porciorum,
730 3040 768 3099 ut
791 3034 894 3120 scitis,
918 3036 1091 3121 quicquam
1113 3061 1203 3123 prae·

144 3142 177 3190 uu
197 3131 247 3191 ter
270 3125 469 3190 sanctionem
490 3123 671 3189 attulerunt
688 3123 773 3188 novi.
809 3121 924 3208 Itaque
942 3123 1112 3193 Publicola
1130 3128 1203 3214 lege

195 3215 255 3279 illa
278 3214 316 3278 de
335 3213 565 3299 provocatione
583 3212 710 3296 perlata
729 3212 842 3276 statim
861 3213 981 3278 securis
1001 3214 1039 3279 de
1057 3214 1201 3281 fascibus

196 3302 281 3366 demi
292 3302 388 3365 iussit
398 3300 618 3384 postridieque
626 3300 689 3363 sibi
699 3301 859 3386 collegam
870 3298 923 3385 Sp.
933 3300 1118 3368 Lucretium
1129 3304 1203 3369 sub

196 3390 325 3475 rogavit
340 3409 478 3471 suosque
498 3388 539 3450 ad
557 3409 639 3470 eum,
658 3387 829 3471 quoderat
848 3389 951 3453 maior
964 3394 1053 3476 natu,
1072 3392 1202 3457 lictores
1218 3412 1248 3453 es

195 3507 223 3556 p.
244 3478 308 3557 185]
331 3476 471 3540 transire
492 3474 597 3560 iussssit
619 3475 825 3559 instituitque
848 3477 980 3561 primus,
1003 3482 1040 3542 ut
1064 3480 1202 3566 singulis

136 3644 140 3653 ¹
194 3563 380 3628 consulibus
418 3562 552 3627 alternis
587 3563 752 3628 mensibus
784 3563 916 3641 lictores
948 3566 1126 3649 praeirent,
1160 3590 1202 3633 ne
