2654 3924
374 248 442 303 ΜΒ.
461 249 496 305 11.
516 247 592 302 GAP.
611 255 725 304 ac-s1.
744 255 759 315 ς
777 255 891 304 ιι-ιι.
1070 248 1135 313 323

127 414 167 457 ea
188 391 320 457 fortuna
341 392 469 477 populi,
497 412 581 477 quae
601 393 710 476 posita
737 397 788 458 est
813 394 849 457 in
874 393 984 478 unius,
1011 396 1049 458 ut
1070 392 1137 459 dixi

128 484 234 563 antea,
256 482 302 546 vet
325 481 494 545 vuluntate
517 483 569 545 vel
591 481 745 545 moribus.
1168 535 1188 599 9

195 567 300 642 Quare
327 568 433 654 prima
460 569 504 632 sit
531 569 610 634 haec
636 568 744 635 forma
771 573 804 634 et
831 569 954 654 species
982 573 1016 635 et
1043 536 1188 665 origo}l

127 654 267 743 tylranni
289 657 423 722 inventa
444 657 540 722 nubis
561 657 597 721 in
620 678 659 722 ea
680 679 715 723 re
738 657 877 743 publica,
902 679 999 742 quarn
1023 660 1064 740 [p.
1085 674 1135 724 189

101 746 297 831 causpicato
320 744 480 810 Romulus
503 745 695 827 condiderit,
722 767 789 811 non
810 747 846 810 in
867 746 939 829 illa,
968 767 1077 831 quam,
1100 749 1138 811 ut

128 833 318 919 perscripsit
340 833 450 916 Plato,
479 833 542 898 sibi
566 834 637 918 ipsc
660 832 809 899 Socrates
834 834 998 919 tripertito
1021 835 1079 900 illo
1103 836 1138 901 in

129 943 276 987 sermone
300 922 495 1007 depinxerit,
521 925 572 1007 ut,
596 944 691 1006 quem
715 922 910 988 admodum
933 922 1138 1009 Tarquinius,

127 1032 194 1076 non
224 1033 344 1076 novam
371 1014 569 1095 potestatem
595 1014 724 1095 nactus,
757 1011 828 1094 scd,
860 1033 957 1095 quam
984 1011 1137 1096 habebat,

128 1119 205 1163 usus
234 1099 355 1163 iniuste
384 1102 492 1164 totum
525 1119 626 1184 genus
653 1099 715 1164 hoc
741 1100 851 1185 regiae
878 1100 1022 1165 civitatis
1050 1122 1137 1165 ever·

37 1186 40 1193 ’
91 1188 222 1271 interit,
249 1188 293 1252 sit
319 1187 395 1253 huic
422 1189 591 1273 oppositus
615 1189 711 1271 alter,
738 1187 843 1253 bonus
866 1192 899 1253 et
923 1187 928 1271 Ι
953 1210 1002 1253 sa·
1025 1190 1065 1271 [p.
1087 1205 1137 1254 190

127 1276 220 1361 piens
250 1281 284 1341 et
311 1275 436 1361 peritus
466 1275 620 1341 utilitatis
650 1276 884 1361 dignitatisque
911 1276 1017 1343 civilis
1045 1278 1139 1361 quasi

129 1368 219 1429 tutor
242 1368 275 1429 et
297 1367 489 1449 procurator
512 1365 559 1428 rei
581 1364 744 1448 publicae3
767 1365 814 1430 sic
837 1365 923 1429 enirn
946 1365 1138 1450 appelletur,

129 1453 321 1538 quicumque
347 1452 410 1517 erit
431 1456 538 1517 rector
561 1457 594 1517 et
618 1453 817 1538 gubernator
839 1453 990 1519 civitatis.
1036 1452 1138 1529 Quem

129 1541 234 1607 virum
261 1540 360 1606 facite
387 1544 425 1604 ut
448 1542 647 1627 agnoscatis,
674 1543 702 1606 is
725 1545 774 1606 est
798 1542 897 1625 enim,
924 1541 980 1625 qui
1003 1543 1137 1608 consilio

91 1650 116 1690 u
130 1634 163 1694 et
182 1651 281 1715 opera
298 1628 464 1695 ciuitatem
482 1629 566 1694 tueri
585 1633 703 1715 potest.
738 1627 830 1704 Quod
848 1630 1002 1714 quoniam
1019 1652 1139 1697 nomen

130 1718 237 1783 minus
269 1721 320 1783 est
351 1716 455 1783 adhuc
486 1717 601 1781 tritum
630 1737 778 1783 sermone
804 1721 917 1783 nostro
945 1718 1138 1804 saepiusque

130 1820 231 1892 genus
268 1806 336 1871 eius
372 1805 514 1870 hominis
548 1807 611 1871 erit
640 1806 676 1870 in
706 1806 833 1890 reliqua
862 1805 959 1872 nobis
991 1808 1138 1874 oratione

129 1896 343 1960 tractandum.
359 1947 365 1959 .
381 1944 410 1960 ..

336 2017 576 2100 [Desideraatur
593 2019 730 2100 paginae
751 2020 930 2101 duodecim]

202 2145 342 2191 ....sas
369 2124 540 2209 requisivit
567 2123 797 2209 civitatemque
824 2124 1001 2209 optandam
1024 2097 1192 2227 [1118stss

92 2232 117 2273 ro
130 2212 235 2299 magis
259 2234 357 2297 quarn
380 2212 588 2298 sperandam,
616 2235 715 2296 quam
737 2213 905 2279 minimam
928 2211 1050 2298 potuit,
1072 2235 1138 2280 non

131 2323 212 2386 quae
230 2305 342 2387 posset
362 2323 441 2385 esse,
465 2300 574 2365 sedin
593 2323 657 2385 qua
675 2301 760 2366 ratio
779 2323 887 2367 rerum
906 2302 1051 2367 civilium
1069 2324 1139 2387 pcr-

130 2390 212 2476 spici
233 2393 358 2475 posset,
382 2390 495 2455 effecit.
540 2388 613 2475 Ego
638 2393 756 2473 autem,
779 2390 807 2454 si
830 2391 924 2474 [quo]
947 2391 1043 2456 modo
1067 2412 1139 2456 con·

130 2478 221 2563 sequi
243 2483 390 2563 potuero,
412 2478 594 2543 rationibus
618 2477 752 2561 eisdem,
776 2500 856 2563 quas
879 2478 936 2543 ille
959 2479 1050 2562 vidit,
1073 2501 1139 2545 non

130 2566 165 2630 in
191 2566 307 2631 umbra
334 2569 367 2630 et
394 2566 536 2651 imagine
559 2565 715 2647 civitatis,
743 2566 798 2631 sed
821 2567 856 2630 in
879 2567 1082 2651 amplissima
1104 2590 1139 2632 re

93 2672 118 2713 u
131 2653 262 2738 publica
291 2654 409 2737 enitar,
441 2657 478 2717 ut
505 2654 658 2738 cuiusque
686 2657 719 2717 et
745 2654 823 2719 boni
849 2654 972 2739 publici
999 2659 1032 2719 et
1060 2656 1139 2719 mali

132 2763 262 2807 causam
283 2745 452 2826 tamquam
470 2742 598 2826 virgula
616 2741 727 2806 videar
746 2742 915 2828 attingere.
936 2743 941 2826 Ι
961 2741 1006 2806 Iis
1031 2745 1138 2824 [p.188

131 2829 218 2894 enim
240 2830 339 2915 regiis
363 2829 579 2916 quadraginta
602 2831 696 2894 annis
719 2834 753 2895 et
776 2830 921 2895 ducentis
944 2831 1042 2916 paulo
1066 2853 1138 2896 cum

131 2917 326 3004 interregnis
357 2917 426 2983 fere
456 2919 595 3003 amplius
622 2919 809 3003 praeteritis
837 2919 1035 3004 expulsoque
1062 2918 1139 2984 Tar·

132 3006 241 3091 quinio
269 3010 398 3071 tantum
422 3006 530 3072 odium
553 3006 709 3092 populum
734 3005 915 3072 Romanum
938 3008 1060 3094 regalis
1083 3030 1138 3073 no·

94 3112 118 3153 so
132 3095 227 3160 minis
254 3094 373 3178 tenuit,
400 3100 557 3179 quantum
584 3099 734 3161 tenuerat
760 3098 837 3181 post
859 3096 985 3160 obitum
1007 3097 1059 3161 vel
1082 3119 1138 3181 po·

130 3185 196 3248 tius
232 3205 398 3248 excessum
429 3181 562 3248 Romuli
597 3183 798 3249 desiderium.
848 3182 962 3268 Itaque
998 3188 1036 3249 ut
1067 3189 1137 3250 tum

131 3293 239 3337 carcre
266 3293 355 3358 rege,
383 3271 430 3337 sic
456 3272 552 3356 pulso
575 3270 751 3356 Tarquinio
773 3292 893 3337 nomen
915 3272 1003 3359 regis
1027 3273 1137 3339 audire

16 3420 18 3424 ,
130 3381 196 3425 ιιοιι
217 3363 356 3446 poterat.
397 3358 460 3425 Hic
482 3359 673 3426 facultatem
696 3382 805 3426 cum..
820 3410 850 3427 ..

351 3464 591 3548 [Desideractur
606 3469 743 3550 paginae
763 3469 915 3549 sedecim]

196 3570 299 3638 Cicero
330 3573 368 3638 dc
396 3592 431 3638 re
454 3572 541 3655 publ.
569 3573 619 3638 tib.
645 3572 704 3638 II:
735 3570 850 3657 Itaque
882 3573 941 3709 flia
970 3572 1138 3657 praeclara
1147 3553 1189 3678 35}

869 3682 901 3729 21
