2654 3912
209 217 277 273 LIB.
297 216 330 272 II.
357 216 435 270 CAP.
455 222 498 283 26,
518 222 559 271 27.
580 222 595 282 ς
614 222 729 284 ozi-os,
752 214 819 270 LIB.
839 217 886 270 ΙΙΙ.
905 215 1043 270 ARGUM.
1072 216 1132 278 43]

127 360 335 444 sepulchrum
355 359 463 442 altiuS,
483 382 580 444 quam
600 360 686 445 quod
703 362 836 442 quinque
848 359 985 425 homiues
998 361 1139 445 quinque

127 450 240 515 diebus
265 449 479 533 absolverint,
502 471 561 515 neo
584 471 601 513 e
625 448 733 533 lapide
757 448 892 514 excitari
913 450 988 535 plus
1011 471 1071 515 neo
1093 449 1139 513 in·

126 538 218 624 poni,
252 559 349 622 quam
382 538 468 621 quod
495 538 604 623 capiat
631 537 760 602 laudem
788 537 910 602 mortui
936 537 1073 604 incisam
1098 560 1139 603 ne

127 627 201 712 plus
226 631 381 711 quattuor
403 626 512 691 herois
535 626 696 710 versibus,
720 648 801 711 quos
827 625 969 714 ‘longos'
993 626 1139 711 appellat

100 715 261 781 eEnnius.
305 713 474 779 Habemus
501 714 604 801 igitur
630 715 726 779 huius
755 737 884 799 quoque
911 715 1140 781 auctoritatem

128 804 167 869 de
185 803 366 889 sepulchris
386 803 505 868 summi
522 803 593 887 viri,
611 826 632 868 a
651 826 713 888 quo
733 804 811 868 item
825 804 975 869 funerum
990 808 1139 889 sumptus

127 892 320 978 praefinitur
343 914 381 957 ex
404 891 554 965 censibus
578 914 598 956 a
620 892 718 956 minis
742 893 883 978 quinque
901 914 1004 977 usque
1024 893 1141 958 admi·

127 1004 214 1047 nam.
250 980 411 1066 Deinceps
435 980 514 1045 dicit
537 980 649 1045 eadem
671 981 732 1045 illa
754 982 793 1046 de
816 981 1055 1047 inmortalitate
1075 982 1140 1046 ani·

128 1092 256 1135 morum
286 1072 320 1134 et
348 1069 475 1153 reliqua
502 1074 578 1154 post
605 1074 746 1134 mortem
772 1071 1014 1156 tranquillitate
1041 1070 1141 1136 bono·

89 1180 115 1218 ιο
128 1181 210 1242 rum,
232 1157 346 1243 poenis
369 1158 552 1243 impiorum.
1160 1175 1194 1225 11

195 1245 334 1311 Habetis
357 1247 460 1333 igitur
483 1246 680 1332 explicatum
704 1269 841 1331 omnem,
863 1251 901 1312 ut
920 1248 1071 1333 arbitror,
1093 1271 1141 1313 re·

128 1336 288 1420 ligionum
311 1336 426 1400 locum.
474 1341 505 1415 Q.
528 1334 598 1400 Nos
621 1358 709 1420 vero,
731 1336 841 1421 frater,
864 1337 1049 1421 etcopiose
1073 1337 1141 1422 qui·

130 1425 217 1509 dem;
240 1425 296 1489 sed
314 1445 415 1511 perge
434 1428 548 1490 cetera.
584 1425 634 1490 M.
651 1423 790 1510 Pergam
811 1425 959 1509 equidem
978 1428 1019 1509 ct,
1042 1448 1141 1510 quon·

128 1514 194 1579 iam
218 1513 350 1577 libitum
374 1517 424 1578 est
446 1513 540 1577 vobis
564 1535 615 1577 me
639 1513 778 1578 adhaec
797 1514 961 1598 inpellere,
984 1513 1140 1579 hodierno

90 1623 115 1664 11
130 1624 277 1667 sermone
300 1601 482 1684 conficiam,
510 1623 619 1687 spero,
646 1602 708 1667 hoc
730 1603 922 1688 praesertim
951 1601 1016 1686 die3
1047 1602 1141 1669 video

129 1690 216 1756 enim
247 1689 308 1755 Pla
452 1691 538 1754 idem
569 1689 716 1797 sepius-Q
733 1712 925 1776 omnemque
960 1689 1141 1757 orationem

130 1779 260 1844 eiusde
297 1779 412 1864 egibus
435 1770 622 1864 peroratam
646 1800 715 1844 esse
738 1801 802 1844 uno
831 1779 955 1845 aestivo
983 1779 1043 1845 die.
1088 1778 1142 1845 Sic

128 1868 231 1954 igitur
253 1866 372 1932 faciam
395 1871 428 1932 et
451 1867 556 1933 dicam
579 1867 618 1932 111
640 1868 903 1953 magistratibus3
925 1867 959 1932 id
983 1867 1068 1933 enim
1091 1872 1142 1934 est

129 1955 286 2042 profecto,
310 1954 396 2039 quod
419 1957 599 2022 constituta
621 1956 779 2042 religione
798 1956 1050 2042 rempublicam
1069 1979 1142 2022 con·

90 2065 117 2105 11
130 2045 235 2110 tineat
257 2044 405 2109 maxime.
448 2047 524 2110 Arr.
547 2044 597 2109 Tu
619 2066 696 2111 uero
719 2046 770 2110 dic
793 2049 826 2110 et
848 2046 948 2110 istam
970 2045 1143 2130 rationem,

131 2156 229 2220 quam
252 2132 398 2218 coepisti,
421 2137 503 2199 tene.

380 2473 426 2548 Μ.
455 2473 617 2546 runnu
644 2473 892 2548 urouuonrs

317 2629 364 2726 D
393 2630 435 2726 E
513 2630 623 2727 LE
652 2631 698 2728 G
724 2633 751 2728 Ι
778 2633 819 2729 Β
846 2633 894 2732 U
921 2629 955 2731 S

450 2808 590 2868 LIBER
618 2810 826 2871 TERTIUS.

489 3074 776 3138 ARGUMENTUM

203 3205 254 3261 Dis
277 3206 482 3263 immortalibus
506 3209 627 3279 proximi
649 3211 679 3265 et
702 3208 1144 3336 (113111111180111111111111

132 3277 321 3348 magistratus.
354 3281 452 3347 ltaque
471 3280 626 3335 constitute
642 3281 780 3351 religione
800 3281 896 3335 statim
938 3282 1011 3338 icero
1030 3283 1066 3337 de
1084 3300 1142 3337 ma

132 3349 298 3420 gistratibus
316 3350 394 3420 leges
410 3349 508 3404 eodem
521 3352 606 3406 modo
619 3352 763 3422 prooemio
778 3354 808 3407 11
821 3351 1008 3422 explicatione
1022 3353 1142 3409 adiectis

133 3420 262 3489 subiecit,
281 3420 382 3489 quibus
401 3436 497 3476 eorum
515 3438 626 3492 genera,
645 3424 771 3504 potestas
789 3421 992 3493 imperiumque
1007 3424 1142 3479 definiun-

130 3493 184 3546 tur.
218 3491 261 3545 Ita
284 3493 378 3546 autem
401 3490 543 3561 supienter
564 3509 582 3548 1
604 3493 758 3548 maioribus
780 3494 842 3549 tota
864 3494 934 3550 haec
953 3494 993 3549 rei
1011 3495 1142 3620 publicae

131 3579 197 3633 pars
216 3562 371 3617 constituta
389 3561 546 3629 videbatur,
565 3565 672 3620 utnon
688 3564 808 3619 multum
826 3564 856 3619 in
870 3581 1011 3622 11111111
1032 3583 1078 3621 um
1090 3584 1141 3638 pn·
