2652 3920
177 191 240 256 150
523 188 572 244 DE
590 186 834 244 DIVINATIONE

220 333 339 421 Saepe
353 334 469 399 stram
483 333 676 419 pertriste
687 332 792 399 canit
806 333 848 398 de
863 336 1019 419 pectore
1031 355 1183 400 carmen

218 422 269 489 Et
291 422 494 487 matutinis
518 421 701 487 acredula
723 420 886 487 vocibus
908 420 1046 506 instat,

219 503 389 633 Vocibus
425 511 550 576 instat
586 513 625 575 et
657 509 881 595 adsiduas
871 509 967 576 lacit
999 531 1064 575 ore
1096 532 1185 595 quo·

961 588 1094 682 rellas,

220 686 311 754 Cum
337 687 501 772 pri-mum
527 685 680 772 gelidos
707 706 815 750 rores
842 708 985 752 ιιιοιι
1005 688 1184 752 remittit.

219 775 418 861 Fuscaque
441 795 522 841 'non
548 796 754 859 numquam
777 796 941 840 ,cursans
966 797 1035 861 per
1061 775 1185 855 litora
1211 797 1226 839 s

560 942 562 947 ,
961 886 1096 930 cornix
1150 896 1152 901 v

220 951 417 1037 Demersit
439 954 555 1036 caput
577 953 615 1016 ct
636 949 802 1017 fluctum
825 952 975 1017 cervice
999 954 1155 1038 recepit.

125 1043 157 1171 ,ξ
176 1076 333 1142 Videmus
365 1076 446 1142 haec
478 1055 572 1159 signa
602 1096 780 1159 numquam
811 1075 879 1139 fere
906 1076 1100 1143 mentientia
1125 1099 1185 1147 nec

176 1170 295 1248 tamen,
319 1187 375 1230 cur
397 1164 446 1229 ita
467 1162 535 1247 fiat,
557 1162 712 1228 ridemus.

220 1269 298 1337 Vos
327 1290 475 1355 quoque
499 1268 611 1355 signa
633 1269 790 1354 videtis,
819 1269 934 1355 aquai
957 1270 1081 1337 dulcis
1105 1273 1185 1337 alu·

976 1382 1097 1444 mnae,

221 1446 314 1515 (lum
336 1446 505 1513 clamore
528 1445 679 1532 paretis
701 1445 831 1525 inanis
853 1446 1014 1513 fundere
1037 1471 1149 1515 voces
1201 1472 1228 1512 ro

220 1534 478 1620 Absurdoque
501 1555 595 1600 sono
618 1534 741 1600 fontis
765 1538 802 1599 et
825 1538 965 1621 stagna
988 1535 1111 1602 cistis.

178 1661 257 1739 Quis
281 1663 344 1744 est,
368 1658 423 1761 qui
445 1658 641 1724 ranunculos
663 1656 726 1725 hoo
747 1658 856 1725 udere
879 1659 1038 1745 suspicari
1059 1662 1186 1746 possit?

179 1752 235 1818 scd
261 1748 379 1818 inest
369 1770 412 1813 ιιι
427 1746 614 1848 ranunculis
637 1746 686 1812 vis
710 1750 743 1812 et
765 1751 884 1815 nature
907 1749 1115 1901 quaedam
1089 1751 1187 1835 srgni-

178 1840 279 1906 ficans
303 1836 427 1921 aliquid
453 1857 511 1920 per
539 1856 573 1900 se
599 1834 672 1920 ipsa
695 1834 782 1900 satis
799 1839 868 1901 cert
869 1858 903 1919 a,
931 1837 1110 1922 cognitioni
1133 1861 1186 1903 au·

179 1932 247 1997 tem
269 1927 438 1992 hominum
461 1923 637 1990 obscenior
1103 1969 1106 1974 -
1201 1948 1228 1988 ιι

223 2029 532 2115 Mollipedesque
550 2028 668 2094 boves
686 2031 910 2114 spectantes
929 2029 1075 2097 lumina
1089 2032 1187 2098 caeli

220 2119 394 2187 Naribus
417 2116 621 2182 umiferum
643 2116 782 2181 duxere
806 2138 850 2181 ex
873 2122 960 2183 atre
982 2141 1121 2186 sucum.

175 2244 257 2315 Non
279 2262 409 2328 quaero,
432 2261 497 2324 cur,
520 2239 682 2324 quoniam,
706 2240 783 2325 quid
805 2240 942 2326 eveniat,
965 2241 1129 2331 intellego.

225 2350 304 2416 Iam
327 2369 417 2413 vero
441 2368 591 2432 semper
613 2345 751 2411 viridis
775 2368 1001 2433 semperque
1023 2353 1188 2434 gravata
1259 2379 1262 2384 ·

224 2437 430 2504 Lentiscus
453 2434 606 2519 triplici
628 2434 749 2500 solita
771 2436 1029 2522 grandescere
1051 2437 1133 2503 fetu
1202 2458 1229 2498 ro

172 2526 297 2592 Ter
327 2523 461 2634 fruges
491 2522 703 2588 fundenst
688 2523 766 2588 tria
793 2527 969 2631 tempora
995 2530 1189 2678 mopstrat

928 2635 1091 2679 araur

129 2737 162 2786 ιι
180 2722 233 2788 Ne
258 2722 321 2787 hoo
348 2718 478 2805 quidem
506 2738 640 2803 quaero,
667 2739 725 2783 cur
751 2717 831 2784 haec
854 2718 952 2785 arbor
974 2738 1040 2785 una
1061 2722 1113 2784 ter
1134 2720 1190 2786 flo

181 2814 253 2878 reat
276 2812 332 2876 aut
355 2829 411 2875 our
434 2806 547 2873 arandi
571 2805 795 2872 maturitatem
818 2805 1013 2960 ad'srgnum
1030 2807 1120 2873 floris
1139 2830 1189 2874 ac

182 2897 378 2981 commodet3
395 2897 458 2962 hoc
472 2916 544 2961 sum
558 2897 739 2978 contentus,
758 2894 853 2980 quod,
874 2895 1012 2980 etiamsi,
1030 2918 1087 2961 cur
1102 2895 1190 2998 qqid·

125 2987 127 2993 ’
182 3009 244 3074 que
266 2985 367 3070 fiat,
358 3006 515 3086 ignorem,
539 2983 616 3069 quid
637 2982 706 3068 fiat,
728 2982 894 3070 intellego.
934 2983 999 3051 Pro
1023 2985 1113 3050 omni
1130 2979 1190 3072 igi·
1203 3002 1230 3043 rs

181 3082 235 3142 tur
261 3036 396 3140 (ιιιιιιιι
386 3094 460 3138 rone
483 3071 581 3155 idem,
608 3071 694 3157 quod
716 3093 799 3165 pro
800 3072 941 3137 rebus’'
919 3095 973 3157 us,
1002 3089 1083 3158 quas
1106 3095 1191 3140 com·

131 3166 172 3232 10
183 3184 374 3246 memorari
405 3160 616 3246 respondebo
661 3159 764 3236 Quid
777 3181 1001 3228 scammoneae
1028 3161 1120 3227 radix
1150 3160 1191 3228 ad

182 3212 401 3338 purgandum,
429 3249 507 3335 quid
534 3247 745 3314 aristolochia
772 3248 813 3313 ad
840 3271 968 3316 morsus
991 3250 1191 3352 serpentium

182 3340 297 3427 possit,
320 3360 402 3424 quae
423 3360 543 3404 nomen
565 3358 604 3402 ex
625 3336 794 3402 inventore
817 3337 971 3423 repperit,
993 3360 1062 3403 rem
1084 3338 1190 3425 ipsam

182 3429 333 3493 inventor
356 3448 395 3491 ex
418 3426 554 3509 somnio,
575 3425 679 3509 video,
702 3424 788 3509 quod
810 3425 892 3490 satis
916 3429 979 3510 est3
1002 3447 1059 3492 cur
1076 3428 1190 3512 possit,
1205 3444 1232 3485 ιο

179 3515 299 3584 nescio.
345 3512 397 3581 Sic
425 3518 502 3580 vent
504 3536 596 3579 orum
624 3515 658 3578 et
683 3511 838 3577 imbrium
866 3513 974 3599 signa,
1007 3536 1088 3599 quae
1117 3515 1192 3596 dixi,
