2654 3924
413 221 480 278 ΜΒ.
498 222 548 278 111.
567 221 643 278 GAP.
663 230 742 279 4-7.
761 229 776 289 s
796 230 891 281 t-n.
1088 223 1154 288 335

210 365 396 446 Carneades,
423 367 627 433 Aeodernicoe
651 373 747 434 sectae
769 367 982 451 philosophus,
1008 369 1097 434 cuins
1118 371 1193 439 ins

142 455 314 520 disserendo
335 476 414 538 quae
434 456 482 521 ais
497 456 603 539 fucrit,
624 476 702 538 quae
719 456 898 538 eloquentia,
919 457 1001 537 quod
1017 477 1153 536 annon

141 546 197 626 qui
218 546 321 621 nescit,
343 546 446 628 ipsum
463 565 501 610 ea
512 545 743 628 praedicatione
761 543 915 610 Ciceronis
932 545 1082 627 intelleqet
1098 552 1154 611 aut

142 633 269 711 Lucilii,
291 635 378 716 apted
398 654 486 715 quem
508 635 657 699 disserens
675 633 839 714 Neptunus
861 634 897 699 de
914 653 948 697 re
964 634 1153 716 difficillima

115 722 273 786 sostendit
297 742 361 786 non
381 742 471 804 posse
497 722 532 786 id
556 723 718 804 explicari,
747 720 830 787 ‘nec
858 721 891 785 si
918 719 1152 788 Carneadem

143 809 267 894 ipsum
290 808 409 875 Orcus
437 808 626 875 remittat'
650 847 693 858 —
717 812 745 876 is
768 831 838 875 curn
861 811 977 893 leqatus
998 811 1037 876 ol>
1060 812 1153 877 Atle·

142 899 300 964 niensibus
321 897 457 964 Rornarn
478 900 592 965 rnissus
613 905 696 983 esset,
717 900 888 981 disputarit
908 901 945 964 de
965 900 1088 965 institia
1108 921 1154 966 oo·

138 990 225 1070 piose
253 989 396 1053 audiente
419 986 522 1053 Galba
544 993 573 1052 et
595 986 709 1053 Catone
731 987 888 1066 Caesario,
910 989 1059 1053 maninus
1082 994 1154 1054 tunc

143 1076 324 1142 arctoum.
361 1075 423 1142 Sed
442 1076 524 1141 idern
546 1077 783 1159 disputationem
803 1097 895 1142 nam
911 1078 1063 1159 postridie
1084 1097 1153 1143 con·

103 1186 130 1225 n
143 1167 245 1229 traria
275 1165 482 1247 disprrtatione
507 1165 653 1230 nbuntit
679 1170 709 1230 et
734 1165 900 1244 iustitiam,
933 1186 1028 1247 quarn
1049 1168 1154 1248 pridie

143 1254 335 1336 laniaverat,
370 1254 497 1319 sustulit
534 1274 597 1319 non
632 1255 754 1335 quiden
784 1253 960 1336 philosophi
992 1256 1153 1338 pantate,

142 1344 230 1408 cuins
260 1343 354 1424 firma
385 1347 415 1407 et
438 1342 559 1408 stabdis
590 1343 673 1407 delet
704 1361 767 1407 esse
792 1343 954 1418 sententia,
985 1343 1039 1408 sed
1063 1346 1154 1425 quasi

142 1432 277 1497 oratorio
304 1432 440 1496 exercitii
458 1451 565 1514 qenere
587 1431 623 1495 in
644 1435 805 1513 utramque
822 1435 945 1511 partera
967 1431 1152 1511 disserendi;

141 1520 224 1602 qnod
243 1520 296 1584 ille
315 1520 417 1600 faeere
440 1519 562 1602 solebat,
584 1524 621 1583 ut
641 1519 720 1584 alios
737 1519 884 1601 quidlibet
899 1520 1070 1585 adserentes
1081 1541 1154 1602 pos·

104 1627 130 1669 n
142 1613 188 1674 set
208 1608 351 1688 refutare.
390 1608 476 1673 Earn
497 1609 747 1691 disputationem,
773 1627 837 1689 qna
857 1608 981 1674 iustitia
1002 1611 1154 1689 cuntitnr,

142 1698 229 1779 opud
249 1695 423 1762 Ciceronem
449 1697 488 1760 L.
510 1696 631 1761 Furius
656 1697 848 1772 recordatur,
877 1697 978 1773 credo,
1006 1699 1153 1778 qnoniam

143 1787 180 1852 de
205 1786 381 1868 republica
403 1785 579 1862 disserebat,
606 1790 643 1849 nt
663 1786 867 1866 defensionen
889 1785 1155 1869 lacrmionernqne

143 1875 209 1939 eius
230 1875 393 1952 induceret,
415 1875 482 1938 sine
503 1893 566 1957 qua
581 1874 716 1956 putatu
736 1875 801 1956 reqi
822 1894 886 1938 non
902 1893 991 1956 posse
1012 1894 1078 1938 rern
1093 1896 1154 1958 pn

144 1963 262 2028 blicam.
308 1961 481 2028 Carneades
509 1967 625 2040 autern,
654 1967 690 2027 nt
718 1963 913 2028 Aristotelen
942 1962 1090 2042 refelleret
1117 1985 1154 2029 ac

105 2071 131 2110 n
143 2051 316 2130 Platonem,
337 2053 476 2117 tristitiae
492 2056 650 2134 patrmn,
666 2052 776 2138 pqinca
798 2052 856 2115 illa
872 2051 1078 2133 disputatione
1093 2053 1153 2118 col·

144 2141 216 2223 leqit
241 2160 278 2206 ea
303 2140 423 2224 omnia,
449 2160 528 2222 quae
550 2160 609 2222 pro
636 2142 700 2205 iust
701 2141 758 2204 itia
779 2139 970 2218 dicebantur,
999 2145 1037 2206 ut
1050 2147 1154 2223 posset

144 2230 209 2308 illa,
226 2230 292 2295 sicu
293 2230 399 2310 tfecit,
417 2233 553 2295 eoertne.
575 2220 737 2311 (Laetam
723 2247 773 2293 cns
786 2229 857 2294 inst.
837 2229 931 2293 tdio
946 2228 1032 2294 V14.
1042 2230 1154 2313 3-5.)

209 2317 350 2383 Plurirni
371 2318 493 2400 quiden
509 2316 771 2401 pleilosoplornrn,
792 2317 847 2382 sed
863 2297 1206 2425 rnanirnePlatoet170

144 2407 322 2473 ananus
350 2407 386 2472 de
412 2407 534 2472 inutilia
560 2406 660 2470 multa
685 2407 832 2471 dionant
856 2407 1027 2471 annuns
1053 2377 1186 2472 eten-1

106 2513 132 2555 n
145 2496 281 2561 tollentes
302 2515 371 2560 earn
391 2515 515 2560 sumena
538 2495 628 2559 laude
648 2495 804 2573 virtatem,
833 2495 916 2577 quod
935 2514 1027 2560 suurn
1048 2496 1155 2577 cuque

260 2634 269 2666 ,
145 2584 373 2666 nductqaod
393 2585 611 2666 aequitatem
598 2603 634 2647 ru
655 2583 796 2648 nundus
816 2587 927 2660 seruet·
950 2587 980 2648 et
995 2603 1065 2648 nin
1082 2589 1152 2648 cete·

145 2691 200 2736 rae
227 2673 353 2738 uirtutes
379 2673 470 2753 quasi
497 2672 607 2736 tacitae
632 2672 697 2736 sint
724 2677 753 2736 et
774 2673 860 2737 intus
881 2672 1030 2756 inelnsoe,
1057 2672 1154 2737 solarn

145 2779 208 2825 esse
235 2761 401 2837 iustitiam,
430 2781 508 2842 quae
534 2779 588 2825 nec
613 2759 674 2825 sili
700 2765 822 2824 tantum
850 2761 1014 2825 ancillata
1038 2761 1081 2825 sit
1102 2780 1155 2825 nec

146 2848 275 2927 ouulta,
301 2850 355 2914 sed
380 2849 470 2929 foros
495 2853 559 2914 toto
575 2849 754 2930 promineat
774 2854 805 2913 et
824 2849 869 2913 od
889 2847 1154 2928 benefaciendum

108 2956 134 2997 eo
142 2958 246 3020 prono
267 2938 318 3019 sit,
338 2942 376 3002 nt
395 2958 490 3018 quarn
506 2937 656 3019 plurimis
675 2938 782 3020 prosit.
820 2936 918 3017 Quasi
934 2957 1003 3001 cero
1021 2938 1057 3001 in
1073 2937 1154 3001 indi-

146 3027 230 3091 eilus
256 3026 331 3091 solis
357 3031 447 3107 atque
472 3027 508 3090 in
531 3030 676 3107 potestate
702 3026 810 3107 aliqua
836 3025 1008 3090 constitutis
1034 3027 1155 3090 institia

146 3135 209 3180 esse
229 3115 332 3180 doben
353 3120 382 3179 et
402 3134 466 3178 non
486 3116 524 3179 in
544 3114 703 3179 annolus!
729 3115 850 3196 Atquin
872 3112 978 3179 nullus
999 3119 1045 3183 est
1060 3113 1203 3179 dorni-1¹

147 3225 223 3268 nurn
253 3224 292 3269 ne
322 3204 502 3285 infimorum
533 3203 655 3284 qnidern
686 3223 724 3268 ac
750 3203 970 3281 mendicorum,
1003 3202 1038 3268 in
1066 3223 1155 3285 quern

147 3293 268 3356 institia
285 3293 391 3357 cadere
407 3312 470 3356 non
481 3292 590 3374 possit.
616 3290 679 3356 Sed
689 3292 765 3372 qnia
777 3292 969 3374 iqnoralant,
986 3292 1063 3373 qnid
1074 3296 1155 3370 esset,

108 3398 135 3439 ss
147 3381 229 3445 unde
245 3381 419 3464 prediceret,
441 3381 517 3462 qnid
537 3380 638 3462 operr's
658 3379 786 3457 labent
808 3399 962 3444 sunnam
984 3379 1074 3444 illam
1095 3381 1155 3444 oir-

148 3474 249 3546 tnteao,
271 3469 307 3534 id
326 3474 371 3535 est
386 3489 544 3535 wnmnne
561 3469 699 3533 omnium
718 3467 838 3545 bonurn,
855 3468 967 3550 paucis
986 3468 1157 3532 tribuerunt

146 3578 272 3641 eornqne
297 3557 402 3623 nullos
428 3558 577 3624 utilitates
598 3558 747 3641 proprios
773 3557 938 3640 aucupari,
964 3557 1019 3622 sed
1043 3556 1156 3622 alienis
