2652 3908
349 220 418 276 ΜΒ.
437 221 471 279 11.
492 220 568 295 cnr.
589 228 694 277 er-aa
713 227 879 288 sau-100.
1078 223 1117 287 81

106 389 191 454 qnae
215 375 338 453 quanto
361 367 497 433 consilio
521 371 689 454 gerantur,
711 367 803 433 nullo
827 367 963 433 consilio
987 364 1120 453 adsequi

105 456 304 542 possumus?
349 453 418 540 An,
449 477 522 521 cum
555 455 794 522 machinatione
824 456 964 540 quadam
996 455 1120 523 moveri

105 544 231 629 aliquid
254 543 415 629 videmus,
439 547 477 609 ut
499 544 686 630 sphaeram,
708 548 746 608 ut
767 545 880 629 horas,
901 548 940 609 ut
963 544 1029 609 alia
1051 565 1120 630 per·

105 633 229 717 multa,
259 654 327 698 non
349 632 550 717 dubitamus,
574 633 652 718 quin
674 633 734 697 illa
756 653 857 717 opera
880 632 946 697 sint
969 632 1120 717 rationis3

78 738 184 787 tcum
210 724 321 787 autem
348 720 508 808 impetum
535 721 617 787 caeli
644 742 717 787 cnm
745 720 931 786 admirabili
953 722 1120 787 celeritate

105 810 234 875 moveri
255 808 404 895 vertique
426 809 593 875 videamus
616 809 879 875 constantissime
898 810 1121 875 conficientem

104 897 350 964 vicissitudines
374 897 611 964 anniversarias
633 919 709 964 eum
726 918 854 963 summa
871 898 978 964 salute
997 903 1031 964 et
1048 920 1121 964 con·

105 986 297 1053 servatione
323 1008 433 1052 rerum
461 987 619 1072 omnium,
652 986 851 1071 dubitamus,
883 987 963 1071 quin
990 1008 1028 1052 ea
1054 1009 1121 1053 non

105 1074 216 1141 solum
247 1073 374 1141 ratione
406 1075 501 1159 fiant,
533 1074 589 1140 sed
621 1075 720 1141 etiam
751 1074 922 1141 excellenti
949 1074 1121 1160 divinaque

66 1163 258 1230 roratione?
295 1163 359 1230 icet
381 1163 467 1228 enim
488 1162 556 1229 iam
578 1167 704 1228 remota
726 1163 910 1229 subtilitate
933 1163 1121 1250 disputandi
1139 1175 1176 1226 98

107 1252 213 1318 oculis
233 1252 373 1337 quodam
383 1252 483 1355 modo
497 1251 712 1354 contemplari
725 1251 999 1354 pulchritudinem
1012 1275 1119 1318 rerum

107 1362 232 1496 mii
255 1340 1174 1515 adalta?llttzdtdttitttl?·na

106 1516 217 1583 media
240 1516 315 1583 sede
338 1516 463 1602 mundi,
485 1517 591 1584 solida
614 1520 647 1584 et
670 1517 808 1604 globosa
831 1521 864 1582 et
886 1517 1027 1602 undique
1049 1518 1123 1602 ipsa

66 1606 144 1671 nin
167 1626 239 1672 sese
261 1605 396 1671 nutibus
419 1605 487 1671 suis
509 1605 719 1692 conglobata,
741 1605 863 1671 vestita
884 1605 1028 1689 floribus,
1051 1605 1122 1670 her·

107 1693 177 1779 bia,
198 1693 387 1780 arboribus,
407 1693 572 1780 frugibus,
595 1715 733 1779 quorum
756 1694 900 1761 omnium
923 1693 1122 1759 incredibilis

108 1775 289 1849 multitudo
310 1782 492 1848 insatiabili
514 1782 673 1848 varietate
692 1781 912 1869 distinguitur.
948 1781 1040 1847 Adde
1059 1783 1123 1850 huo

109 1870 253 1938 fontium
277 1870 401 1958 gelidas
423 1871 658 1957 perennitates,
684 1871 828 1956 liquores
850 1870 1033 1956 perlucidos
1057 1893 1122 1936 am·

109 1959 210 2043 nium,
233 1959 378 2044 riparum
400 1959 539 2041 vestitus
558 1959 782 2044 viridissimas,
804 1959 1032 2045 speluncarum
1050 1981 1123 2026 con·

66 2065 96 2106 ὀ
111 2069 208 2114 cavas
236 2047 439 2132 altitudines,
467 2069 619 2114 saxorum
640 2048 852 2134 asperitates,
877 2046 1123 2133 inpendentium

112 2136 275 2203 montium
297 2135 487 2202 altitudines
509 2136 799 2221 inmensitatesque
817 2158 1019 2222 camporum3
1040 2136 1123 2201 adde

112 2225 213 2292 etiam
243 2224 426 2291 reconditas
454 2224 526 2291 auri
553 2225 745 2312 argentique
771 2246 871 2291 venas
896 2225 1123 2310 infinitamque

112 2314 179 2379 vim
201 2312 384 2380 marmoris.
425 2310 514 2389 Quae
535 2335 614 2379 vero
637 2317 670 2378 et
693 2335 791 2398 quam
813 2312 905 2378 varia
928 2333 1048 2399 genera
1070 2314 1123 2378 be-
1141 2323 1175 2374 aa

112 2402 252 2469 otiorum
269 2401 323 2467 uel
340 2401 484 2468 cicurum
501 2400 555 2467 vel
572 2400 727 2467 feraruml
747 2402 804 2486 qui
815 2401 996 2467 volucrium
1011 2402 1123 2488 lapsus

72 2494 213 2575 satque
241 2490 371 2557 cantusl
403 2490 460 2576 qui
485 2490 645 2576 pecudum
671 2490 800 2575 pastual
832 2510 914 2574 quae
937 2491 1007 2555 vita
1029 2490 1123 2555 silve

113 2578 245 2644 atriuml
290 2576 374 2655 Quid
401 2577 469 2645 iam
499 2578 537 2644 de
566 2577 734 2645 hominum
764 2599 880 2665 genere
908 2577 1035 2645 dicam?
1067 2578 1124 2664 qui

112 2666 208 2753 quasi
239 2666 382 2734 cultores
413 2671 520 2734 terrae
552 2666 723 2732 constituti
753 2688 821 2733 non
850 2666 1021 2753 patiuntur
1051 2688 1124 2733 eam

112 2777 172 2822 nec
198 2754 394 2821 inmanitate
419 2756 591 2821 beluarum
617 2754 745 2821 efferari
771 2776 830 2821 nec
857 2754 1010 2841 stirpium
1034 2776 1124 2841 aspe

113 2845 214 2910 ritate
235 2844 375 2929 vastari,
398 2865 599 2929 quorumque
622 2844 775 2929 operibus
798 2843 879 2929 agri,
901 2843 1027 2908 insulae
1051 2844 1125 2909 lito·

73 2947 215 3019 araque
242 2932 406 2999 collucent
434 2931 589 2999 dnffincta
610 2932 707 2998 tectis
729 2935 763 2998 et
785 2931 930 2998 urbibus.
975 2930 1064 3009 Quae
1087 2931 1125 3017 si,

112 3026 150 3088 ut
172 3020 302 3106 animis,
324 3020 371 3087 sic
394 3021 498 3087 oculis
520 3020 629 3086 videre
651 3041 834 3106 possemus,
856 3041 952 3086 nemo
975 3024 1125 3087 cunctam

112 3111 244 3176 intuens
267 3113 390 3175 terram
413 3109 452 3176 de
474 3108 585 3175 divina
606 3108 733 3176 ratione
760 3108 933 3174 dubitaret.
974 3109 1021 3174 At
1039 3119 1180 3175 vero1oo

113 3202 237 3285 quanta
267 3198 368 3264 maria
392 3202 442 3264 est
464 3196 686 3284 pulchritudol
739 3218 800 3263 uae
823 3197 946 3284 species
968 3197 1125 3263 universil

113 3309 197 3373 quae
225 3286 402 3353 multitudo
429 3289 464 3353 et
489 3286 633 3352 varietas
655 3286 706 3351 ins
744 3288 849 3352 arum!
878 3306 960 3371 quae
984 3286 1125 3351 amoeni·

75 3380 201 3442 “tates
229 3397 363 3443 orarum
389 3397 427 3441 aa
454 3374 603 3441 litoruml
634 3378 714 3459 quot
737 3394 857 3461 genera
879 3395 1042 3459 quamque
1065 3373 1126 3440 dis·

110 3464 208 3551 paria
229 3464 353 3551 partim
376 3463 631 3546 submersarum,
653 3462 775 3548 partim
797 3461 997 3527 fluitantium
1020 3465 1054 3527 et
1079 3461 1127 3525 in·

110 3554 266 3620 nantium
300 3552 484 3636 beluarum,
525 3550 647 3637 partim
684 3549 726 3617 ad
761 3571 841 3615 saxa
875 3549 995 3614 nativis
1031 3549 1127 3613 testis

166 3674 223 3717 010.
236 3674 279 3717 1v.
298 3676 316 3714 2.
898 3657 914 3705 6
