2654 3912
405 218 472 273 nis.
493 219 539 273 111.
559 221 635 273 cAP.
654 225 734 273 4-o.
752 224 768 283 s
788 223 900 273 10-14.
1090 215 1156 280 437

147 360 273 425 icribus
299 361 435 445 nostris,
461 360 544 425 nihil
567 360 669 425 habui
692 381 783 445 sane,
809 382 875 426 non
896 361 986 426 oredo
1008 361 1157 444 multum,

149 449 235 533 quod
257 452 407 533 putarem
429 448 614 514 novandum
632 450 667 513 in
685 449 823 535 legibus.
858 454 935 516 Am.
953 447 1080 512 Reddas
1099 449 1157 533 igi·
1177 462 1209 512 ιο

148 541 203 601 tur
232 538 341 621 nobis,
372 543 410 602 ut
436 537 471 602 iu
498 538 667 624 religionis
695 537 768 623 lege
794 537 902 603 fecisti
930 536 1098 602 admonitu
1125 539 1159 601 et

149 629 268 711 rogatu
292 647 377 711 meo,
400 626 447 692 sic
470 626 509 692 de
532 626 781 712 magistratibus
803 628 841 690 ut
864 626 1018 711 disputes,
1040 624 1158 709 quibus

121 714 189 778 ode
212 714 318 779 causis
342 715 481 779 maxime
503 715 632 799 placeat
653 714 720 779 ista
738 714 915 799 discriptio.
951 713 999 779 M.
1018 712 1158 796 Faciam,

149 802 273 885 Attice,
300 804 339 866 ut
360 802 424 886 vis,
452 806 485 867 et
510 804 617 868 locum
639 803 739 867 istum
762 807 882 887 totum,
909 806 947 867 ut
970 824 991 867 a
1013 802 1158 867 doctissi-

150 891 212 955 mis
236 889 391 956 Graeciae
414 891 598 975 quaesitum
621 895 654 956 et
677 891 879 976 disputatum
903 894 966 973 est,
989 890 1158 975 explicabo

150 983 192 1064 et,
206 983 243 1043 ut
256 979 394 1065 institui,
408 983 522 1045 nostra
535 980 607 1045 iura
621 980 791 1065 attingam.
820 980 898 1047 Aur.
912 978 1005 1044 istud
1018 979 1158 1043 maxime

150 1070 283 1152 expecto
317 1068 494 1133 disserendi
526 1089 637 1155 genus.
684 1069 732 1134 M.
761 1068 865 1153 Atqui
896 1068 1051 1153 pleraque
1083 1072 1159 1133 sunt

111 1157 237 1221 10dicta
268 1156 303 1220 in
330 1156 398 1221 illis
426 1157 535 1241 libris,
566 1156 653 1242 quod
678 1157 861 1223 faciendum
887 1156 965 1241 luit,
994 1178 1093 1242 quom
1120 1156 1159 1222 de

150 1247 285 1330 optuma
307 1266 342 1310 re
364 1246 497 1330 publica
519 1249 740 1330 quaereretur;
763 1246 820 1311 sed
837 1245 934 1311 huius
953 1246 1017 1311 loci
1035 1245 1074 1310 de
1093 1267 1159 1310 ma-

150 1333 344 1418 gistratibus
368 1337 444 1398 sunt
457 1334 600 1419 'propria
622 1334 780 1419 quaedam
804 1357 823 1399 a
845 1334 1072 1419 Theophrasto
1095 1334 1159 1419 pri·

150 1445 249 1505 mum,
272 1422 385 1486 deinde
408 1445 428 1487 a
450 1421 556 1488 Dione
579 1420 688 1488 Stoico
712 1424 859 1508 quaesita
882 1422 1043 1488 subtilius.

216 1512 292 1577 Ara
314 1507 387 1575 'Ain
415 1511 574 1576 tandem?
599 1511 698 1576 etiam
728 1535 748 1576 a
775 1509 892 1578 Stoicis
922 1511 987 1576 ista
1017 1514 1159 1576 tractata

111 1614 137 1655 1⁵
151 1599 250 1664 sunt?
276 1599 324 1664 M.
347 1596 424 1663 Non
446 1621 524 1663 sane
541 1599 606 1664 nisi
624 1601 665 1665 ab
685 1621 733 1684 ec,
756 1621 851 1684 quem
869 1600 966 1666 modo
985 1600 1159 1684 nominavi,

151 1691 185 1751 et
207 1691 322 1772 postea
346 1710 366 1752 a
389 1709 508 1772 magno
530 1687 662 1753 homine
681 1692 714 1753 et
732 1688 766 1753 in
783 1689 898 1774 primis
920 1688 1055 1773 erudito,
1077 1687 1159 1753 Pan·

151 1776 246 1840 aetio.
291 1772 378 1840 Nam
410 1781 537 1841 veteres
570 1777 668 1842 verbo
696 1781 791 1843 tenus
819 1781 912 1843 acute
940 1777 991 1841 illi
1019 1776 1158 1862 quidem,

152 1864 209 1928 sed
230 1885 297 1929 non
315 1864 356 1928 ad
374 1864 459 1930 hunc
477 1886 573 1929 usum
591 1866 782 1951 popularem
804 1868 901 1950 atque
920 1866 1049 1932 civilem
1067 1865 1105 1930 de
1124 1888 1159 1929 re

152 1952 284 2036 publica
307 1953 516 2017 disserebant.
546 1954 598 2018 Ab
617 1954 679 2019 hac
696 1954 823 2019 familia
841 1955 947 2041 magis
967 1955 1033 2019 ista
1051 1977 1159 2019 mana-

110 2059 138 2097 20
152 2044 228 2104 runt
261 2039 399 2105 Platone
434 2042 593 2127 principe3
628 2047 704 2126 post
736 2043 932 2108 Aristoteles
969 2043 1159 2107 inlustravit

152 2150 281 2193 omnem
303 2128 389 2195 hunc
411 2130 539 2195 civilem
562 2131 597 2194 in
619 2131 813 2215 disputando
833 2132 941 2197 locum
958 2130 1161 2197 Heraclides-

152 2239 214 2301 que
223 2216 378 2282 Pontious
392 2218 556 2303 profectus
571 2219 612 2283 ab
628 2220 738 2284 eodem
748 2219 899 2304 Platone3
913 2219 1161 2305 Theophrastus

151 2328 228 2372 vero
256 2307 427 2372 institutus
454 2308 495 2372 ab
519 2308 698 2372 Aristotele
725 2307 902 2391 habitavit,
931 2312 969 2374 ut
992 2309 1096 2394 scitis,
1125 2310 1160 2373 in

153 2417 191 2461 eo
215 2416 475 2480 generarem,
501 2397 542 2461 ab
566 2396 741 2481 eodemque
763 2396 943 2464 Aristotele
967 2397 1081 2463 doctus
1104 2397 1159 2463 Di·

113 2500 139 2538 25
153 2484 326 2549 caearchus
354 2483 429 2549 huic
456 2484 577 2548 rationi
603 2484 774 2568 studioque
800 2507 867 2549 non
894 2486 1010 2570 defuit3
1040 2491 1117 2571 post
1140 2508 1161 2552 a

153 2570 378 2655 Theophrasto
405 2570 582 2636 Phalereus
615 2573 672 2637 ille
699 2571 899 2657 Demetrius,
930 2573 969 2640 de
1002 2596 1065 2658 quo
1096 2573 1161 2640 leci

154 2679 253 2742 supra
276 2659 488 2747 mentionem,
510 2660 704 2725 mirabiliter
727 2661 907 2726 doctrinam
930 2684 969 2726 ex
990 2662 1160 2728 umbracu-

153 2747 195 2811 lis
223 2746 423 2812 eruditorum
451 2748 582 2832 otioque
609 2771 677 2817 non
703 2750 798 2815 modo
820 2750 855 2814 in
879 2750 981 2815 solem
1005 2754 1103 2835 atque
1125 2751 1163 2816 in

153 2835 329 2920 pulverem,
352 2835 409 2899 sed
431 2835 466 2900 in
487 2837 595 2921 ipsum
618 2837 790 2903 discrimen
813 2838 978 2923 aciemque
998 2839 1159 2924 produxit,

114 2940 140 2980 ³⁰
153 2922 240 2988 Nam
268 2928 301 2989 et
324 2924 528 2990 mediocriter
551 2924 664 2991 doctos
687 2948 824 3012 magnos
846 2927 881 2993 in
903 2950 938 2993 re
961 2928 1092 3013 publica
1115 2929 1164 2994 vi·

153 3034 208 3078 ros
236 3017 269 3078 et
296 3012 500 3079 doctissimos
527 3014 675 3080 homines
702 3037 769 3081 non
794 3015 892 3081 nimis
914 3016 949 3081 in
971 3038 1006 3082 re
1028 3017 1164 3102 publica

156 3106 301 3168 versatos
335 3102 457 3167 multos
489 3124 741 3169 commemorare
772 3126 959 3189 possumus;
995 3106 1051 3190 qui
1082 3127 1161 3172 vero

152 3194 290 3275 utraque
319 3213 355 3256 re
383 3191 567 3277 excelleret,
596 3195 634 3257 ut
661 3197 694 3257 et
721 3193 886 3259 doctrinae
913 3194 1029 3259 studiis
1057 3197 1090 3260 et
1112 3217 1161 3260 re·

153 3280 259 3366 ganda
282 3279 414 3345 civitate
436 3280 586 3366 princeps
605 3286 700 3366 esset,
723 3282 795 3366 quis
813 3281 909 3348 facile
927 3287 1056 3368 praeter
1074 3283 1160 3348 hunc

113 3385 138 3425 ³⁵
151 3369 289 3434 inveniri
311 3368 443 3453 potest?

1178 1484 1210 1609 li

218 3459 295 3524 Ara
317 3455 402 3523 Puto
425 3479 530 3542 posse,
552 3461 586 3523 et
608 3458 738 3542 quidem
761 3460 902 3544 aliquem
923 3460 962 3525 de
980 3460 1086 3525 tribus
1104 3482 1160 3523 no·
1246 3458 1256 3495 1‘
1318 3510 1319 3519 ,

151 3545 216 3629 bis3
240 3545 296 3611 sed
319 3568 428 3631 perge,
451 3549 489 3611 ut
511 3568 671 3632 coeperas.
