<?xml version="1.0" encoding="UTF-8"?>
<!DOCTYPE html PUBLIC "-//W3C//DTD XHTML 1.0 Transitional//EN"
    "http://www.w3.org/TR/xhtml1/DTD/xhtml1-transitional.dtd">
<html xmlns="http://www.w3.org/1999/xhtml" xml:lang="en" lang="en">
 <head>
  <title>
</title>
<meta http-equiv="Content-Type" content="text/html;charset=utf-8" />
  <meta name='ocr-system' content='tesseract 3.04.00' />
  <meta name='ocr-capabilities' content='ocr_page ocr_carea ocr_par ocr_line ocrx_word'/>
</head>
<body>
  <div class='ocr_page' id='page_1' title='image "./mtulliiciceroni00salegoog_0314.png"; bbox 0 0 2654 3924; ppageno 0'>
   <div class='ocr_carea' id='block_1_1' title="bbox 492 208 1182 274">
    <p class='ocr_par' dir='ltr' id='par_1_1' title="bbox 492 208 1182 274">
     <span class='ocr_line' id='line_1_1' title="bbox 492 208 1182 274; baseline 0.013 -12"><span class='ocrx_word' id='word_1_1' title='bbox 492 208 568 264; x_wconf 84' lang='lat' dir='ltr'><strong>cAP.</strong></span> <span class='ocrx_word' id='word_1_2' title='bbox 590 214 701 264; x_wconf 85' lang='grc' dir='ltr'>ιιι-ιι.</span> <span class='ocrx_word' id='word_1_3' title='bbox 720 214 736 274; x_wconf 73' lang='grc' dir='ltr'><strong>ι</strong></span> <span class='ocrx_word' id='word_1_4' title='bbox 755 213 868 264; x_wconf 83' lang='grc' dir='ltr'>ιι-ιι.</span> <span class='ocrx_word' id='word_1_5' title='bbox 1119 208 1182 273; x_wconf 83' lang='lat'><strong>261</strong></span> 
     </span>
    </p>
   </div>
   <div class='ocr_carea' id='block_1_2' title="bbox 117 350 1290 1940">
    <p class='ocr_par' dir='ltr' id='par_1_2' title="bbox 117 350 1290 1940">
     <span class='ocr_line' id='line_1_2' title="bbox 140 350 1186 437; baseline 0.001 -22.036"><span class='ocrx_word' id='word_1_6' title='bbox 140 351 290 419; x_wconf 90' lang='lat' dir='ltr'><strong>sertim</strong></span> <span class='ocrx_word' id='word_1_7' title='bbox 314 373 445 416; x_wconf 91' lang='lat' dir='ltr'><strong>causam</strong></span> <span class='ocrx_word' id='word_1_8' title='bbox 469 352 610 437; x_wconf 89' lang='lat' dir='ltr'><strong>reperire</strong></span> <span class='ocrx_word' id='word_1_9' title='bbox 632 373 699 417; x_wconf 91' lang='lat' dir='ltr'><strong>non</strong></span> <span class='ocrx_word' id='word_1_10' title='bbox 720 354 869 437; x_wconf 78' lang='lat' dir='ltr'><strong>possent3</strong></span> <span class='ocrx_word' id='word_1_11' title='bbox 898 373 963 437; x_wconf 88' lang='lat' dir='ltr'><strong>quo</strong></span> <span class='ocrx_word' id='word_1_12' title='bbox 986 350 1117 418; x_wconf 86' lang='lat' dir='ltr'><strong>defenso</strong></span> <span class='ocrx_word' id='word_1_13' title='bbox 1139 353 1186 429; x_wconf 83' lang='lat' dir='ltr'><strong>fa·</strong></span> 
     </span>
     <span class='ocr_line' id='line_1_3' title="bbox 176 420 1183 543; baseline 0.002 -39"><span class='ocrx_word' id='word_1_14' title='bbox 176 438 237 504; x_wconf 91' lang='lat' dir='ltr'><strong>cile</strong></span> <span class='ocrx_word' id='word_1_15' title='bbox 261 437 378 533; x_wconf 79' lang='lat' dir='ltr'>Chrysi</span> <span class='ocrx_word' id='word_1_16' title='bbox 425 461 444 504; x_wconf 94' lang='lat' dir='ltr'><strong>o</strong></span> <span class='ocrx_word' id='word_1_17' title='bbox 471 443 606 525; x_wconf 89' lang='lat' dir='ltr'><strong>possent</strong></span> <span class='ocrx_word' id='word_1_18' title='bbox 632 440 713 505; x_wconf 87' lang='lat' dir='ltr'><strong>resis</strong></span> <span class='ocrx_word' id='word_1_19' title='bbox 714 420 811 543; x_wconf 64' lang='lat' dir='ltr'><strong>tere]</strong></span> <span class='ocrx_word' id='word_1_20' title='bbox 838 438 919 505; x_wconf 83' lang='lat' dir='ltr'><strong>Cum</strong></span> <span class='ocrx_word' id='word_1_21' title='bbox 948 440 1033 507; x_wconf 89' lang='lat' dir='ltr'><strong>enim</strong></span> <span class='ocrx_word' id='word_1_22' title='bbox 1061 462 1183 506; x_wconf 91' lang='lat' dir='ltr'><strong>conces-</strong></span> 
     </span>
     <span class='ocr_line' id='line_1_4' title="bbox 117 519 1184 613; baseline 0.001 -21"><span class='ocrx_word' id='word_1_23' title='bbox 117 519 320 592; x_wconf 54' lang='lat' dir='ltr'><strong>ssis‘ffltt</strong></span> <span class='ocrx_word' id='word_1_24' title='bbox 321 522 458 593; x_wconf 86' lang='lat' dir='ltr'><strong>motum</strong></span> <span class='ocrx_word' id='word_1_25' title='bbox 458 527 777 594; x_wconf 66' lang='grc' dir='ltr'>ιιιιιιιιπιιιι”“””“</span> <span class='ocrx_word' id='word_1_26' title='bbox 719 550 788 594; x_wconf 89' lang='lat' dir='ltr'><strong>sme</strong></span> <span class='ocrx_word' id='word_1_27' title='bbox 810 550 922 613; x_wconf 87' lang='lat' dir='ltr'><strong>causa,</strong></span> <span class='ocrx_word' id='word_1_28' title='bbox 948 549 1015 594; x_wconf 92' lang='lat' dir='ltr'><strong>non</strong></span> <span class='ocrx_word' id='word_1_29' title='bbox 1038 529 1184 594; x_wconf 87' lang='lat' dir='ltr'><strong>concede-</strong></span> 
     </span>
     <span class='ocr_line' id='line_1_5' title="bbox 177 616 1187 718; baseline 0.002 -38"><span class='ocrx_word' id='word_1_30' title='bbox 177 620 250 681; x_wconf 91' lang='lat' dir='ltr'><strong>rent</strong></span> <span class='ocrx_word' id='word_1_31' title='bbox 275 616 398 718; x_wconf 81' lang='lat' dir='ltr'><strong>omniu,</strong></span> <span class='ocrx_word' id='word_1_32' title='bbox 426 638 508 701; x_wconf 85' lang='lat' dir='ltr'><strong>quae</strong></span> <span class='ocrx_word' id='word_1_33' title='bbox 531 617 660 701; x_wconf 89' lang='lat' dir='ltr'><strong>fierent,</strong></span> <span class='ocrx_word' id='word_1_34' title='bbox 686 617 757 682; x_wconf 90' lang='lat' dir='ltr'><strong>fieri</strong></span> <span class='ocrx_word' id='word_1_35' title='bbox 780 617 952 683; x_wconf 86' lang='lat' dir='ltr'><strong>causisan</strong></span> <span class='ocrx_word' id='word_1_36' title='bbox 910 616 1187 700; x_wconf 81' lang='lat' dir='ltr'><strong>antecedentibus3</strong></span> 
     </span>
     <span class='ocr_line' id='line_1_6' title="bbox 150 704 1187 772; baseline 0.001 -3"><span class='ocrx_word' id='word_1_37' title='bbox 150 704 292 770; x_wconf 71' lang='lat' dir='ltr'><strong>evolant</strong></span> <span class='ocrx_word' id='word_1_38' title='bbox 277 704 358 770; x_wconf 87' lang='lat' dir='ltr'><strong>tatis</strong></span> <span class='ocrx_word' id='word_1_39' title='bbox 387 705 473 771; x_wconf 92' lang='lat' dir='ltr'><strong>enim</strong></span> <span class='ocrx_word' id='word_1_40' title='bbox 499 708 633 771; x_wconf 87' lang='lat' dir='ltr'><strong>nostrae</strong></span> <span class='ocrx_word' id='word_1_41' title='bbox 659 726 726 771; x_wconf 92' lang='lat' dir='ltr'><strong>non</strong></span> <span class='ocrx_word' id='word_1_42' title='bbox 749 726 819 772; x_wconf 89' lang='lat' dir='ltr'><strong>esse</strong></span> <span class='ocrx_word' id='word_1_43' title='bbox 842 727 957 771; x_wconf 78' lang='lat' dir='ltr'><strong>causas</strong></span> <span class='ocrx_word' id='word_1_44' title='bbox 981 707 1130 770; x_wconf 83' lang='lat' dir='ltr'><strong>externas</strong></span> <span class='ocrx_word' id='word_1_45' title='bbox 1154 710 1187 770; x_wconf 90' lang='lat' dir='ltr'><strong>et</strong></span> 
     </span>
     <span class='ocr_line' id='line_1_7' title="bbox 178 791 1237 880; baseline -0.001 -22"><span class='ocrx_word' id='word_1_46' title='bbox 178 792 406 860; x_wconf 87' lang='lat' dir='ltr'><strong>antecedentis.</strong></span> <span class='ocrx_word' id='word_1_47' title='bbox 450 791 622 859; x_wconf 82' lang='lat' dir='ltr'><strong>Communi</strong></span> <span class='ocrx_word' id='word_1_48' title='bbox 650 794 752 880; x_wconf 81' lang='lat' dir='ltr'><strong>igitur</strong></span> <span class='ocrx_word' id='word_1_49' title='bbox 774 794 1004 860; x_wconf 90' lang='lat' dir='ltr'><strong>consuetudine</strong></span> <span class='ocrx_word' id='word_1_50' title='bbox 1028 794 1186 859; x_wconf 89' lang='lat' dir='ltr'><strong>sermonis</strong></span> <span class='ocrx_word' id='word_1_51' title='bbox 1206 808 1237 857; x_wconf 77' lang='grc' dir='ltr'><strong>ιι</strong></span> 
     </span>
     <span class='ocr_line' id='line_1_8' title="bbox 178 881 1290 967; baseline 0 -21"><span class='ocrx_word' id='word_1_52' title='bbox 178 881 356 967; x_wconf 75' lang='lat' dir='ltr'><strong>abutimur,</strong></span> <span class='ocrx_word' id='word_1_53' title='bbox 386 904 459 948; x_wconf 88' lang='lat' dir='ltr'><strong>eum</strong></span> <span class='ocrx_word' id='word_1_54' title='bbox 486 882 535 947; x_wconf 87' lang='lat' dir='ltr'><strong>ita</strong></span> <span class='ocrx_word' id='word_1_55' title='bbox 562 882 710 966; x_wconf 89' lang='lat' dir='ltr'><strong>dicimus,</strong></span> <span class='ocrx_word' id='word_1_56' title='bbox 740 882 824 948; x_wconf 88' lang='lat' dir='ltr'><strong>velle</strong></span> <span class='ocrx_word' id='word_1_57' title='bbox 852 882 975 967; x_wconf 91' lang='lat' dir='ltr'><strong>aliquid</strong></span> <span class='ocrx_word' id='word_1_58' title='bbox 1002 882 1187 967; x_wconf 87' lang='lat' dir='ltr'><strong>quempiam</strong></span> <span class='ocrx_word' id='word_1_59' title='bbox 1288 954 1290 963; x_wconf 26' lang='grc' dir='ltr'>Ι</span> 
     </span>
     <span class='ocr_line' id='line_1_9' title="bbox 179 969 1290 1055; baseline 0.001 -20"><span class='ocrx_word' id='word_1_60' title='bbox 179 973 236 1035; x_wconf 80' lang='grc' dir='ltr'><strong>ιιι</strong></span> <span class='ocrx_word' id='word_1_61' title='bbox 262 970 350 1036; x_wconf 90' lang='lat' dir='ltr'><strong>nolle</strong></span> <span class='ocrx_word' id='word_1_62' title='bbox 378 971 447 1036; x_wconf 91' lang='lat' dir='ltr'><strong>sine</strong></span> <span class='ocrx_word' id='word_1_63' title='bbox 477 993 588 1054; x_wconf 80' lang='lat' dir='ltr'><strong>causa3</strong></span> <span class='ocrx_word' id='word_1_64' title='bbox 615 971 663 1037; x_wconf 89' lang='lat' dir='ltr'><strong>ita</strong></span> <span class='ocrx_word' id='word_1_65' title='bbox 691 970 777 1035; x_wconf 91' lang='lat' dir='ltr'><strong>enim</strong></span> <span class='ocrx_word' id='word_1_66' title='bbox 806 970 941 1037; x_wconf 77' lang='lat' dir='ltr'><strong>dicimus</strong></span> <span class='ocrx_word' id='word_1_67' title='bbox 965 969 1047 1036; x_wconf 81' lang='lat' dir='ltr'><strong>‘sine</strong></span> <span class='ocrx_word' id='word_1_68' title='bbox 1070 971 1188 1055; x_wconf 87' lang='lat' dir='ltr'><strong>causa&#39;,</strong></span> <span class='ocrx_word' id='word_1_69' title='bbox 1285 978 1290 1051; x_wconf 74' lang='grc' dir='ltr'><strong>ι</strong></span> 
     </span>
     <span class='ocr_line' id='line_1_10' title="bbox 178 1058 1285 1212; baseline 0.002 -91"><span class='ocrx_word' id='word_1_70' title='bbox 178 1062 215 1122; x_wconf 87' lang='grc' dir='ltr'><strong>ιιι</strong></span> <span class='ocrx_word' id='word_1_71' title='bbox 242 1058 400 1124; x_wconf 84' lang='lat' dir='ltr'><strong>dieamus:</strong></span> <span class='ocrx_word' id='word_1_72' title='bbox 428 1058 497 1125; x_wconf 88' lang='lat' dir='ltr'><strong>sine</strong></span> <span class='ocrx_word' id='word_1_73' title='bbox 525 1063 660 1124; x_wconf 88' lang='lat' dir='ltr'><strong>externa</strong></span> <span class='ocrx_word' id='word_1_74' title='bbox 686 1063 719 1124; x_wconf 91' lang='lat' dir='ltr'><strong>et</strong></span> <span class='ocrx_word' id='word_1_75' title='bbox 746 1059 955 1126; x_wconf 75' lang='lat' dir='ltr'>antecedente</span> <span class='ocrx_word' id='word_1_76' title='bbox 982 1081 1094 1212; x_wconf 81' lang='lat' dir='ltr'><strong>causa,</strong></span> <span class='ocrx_word' id='word_1_77' title='bbox 1122 1081 1189 1125; x_wconf 89' lang='lat' dir='ltr'><strong>non</strong></span> <span class='ocrx_word' id='word_1_78' title='bbox 1282 1082 1285 1095; x_wconf 66' lang='lat'><em>¹</em></span> 
     </span>
     <span class='ocr_line' id='line_1_11' title="bbox 140 1130 1282 1234; baseline 0 -22"><span class='ocrx_word' id='word_1_79' title='bbox 140 1164 165 1203; x_wconf 87' lang='lat'><strong>¹⁰</strong></span> <span class='ocrx_word' id='word_1_80' title='bbox 179 1147 248 1212; x_wconf 87' lang='lat' dir='ltr'><strong>sine</strong></span> <span class='ocrx_word' id='word_1_81' title='bbox 272 1147 395 1232; x_wconf 82' lang='lat' dir='ltr'><strong>aliqua3</strong></span> <span class='ocrx_word' id='word_1_82' title='bbox 418 1151 464 1232; x_wconf 91' lang='lat' dir='ltr'><strong>ut,</strong></span> <span class='ocrx_word' id='word_1_83' title='bbox 486 1170 559 1214; x_wconf 87' lang='lat' dir='ltr'><strong>oum</strong></span> <span class='ocrx_word' id='word_1_84' title='bbox 577 1169 635 1213; x_wconf 75' lang='lat' dir='ltr'><strong>uas</strong></span> <span class='ocrx_word' id='word_1_85' title='bbox 655 1148 750 1212; x_wconf 90' lang='lat' dir='ltr'><strong>inane</strong></span> <span class='ocrx_word' id='word_1_86' title='bbox 770 1148 915 1232; x_wconf 84' lang='lat' dir='ltr'><strong>dicimus,</strong></span> <span class='ocrx_word' id='word_1_87' title='bbox 936 1148 1069 1213; x_wconf 84' lang='lat' dir='ltr'><strong>nonita</strong></span> <span class='ocrx_word' id='word_1_88' title='bbox 1087 1149 1189 1234; x_wconf 90' lang='lat' dir='ltr'><strong>loqui·</strong></span> <span class='ocrx_word' id='word_1_89' title='bbox 1278 1130 1282 1167; x_wconf 36' lang='grc' dir='ltr'><em>ἶ</em></span> 
     </span>
     <span class='ocr_line' id='line_1_12' title="bbox 178 1198 1280 1338; baseline 0.003 -38"><span class='ocrx_word' id='word_1_90' title='bbox 178 1257 265 1336; x_wconf 84' lang='lat' dir='ltr'><strong>mur,</strong></span> <span class='ocrx_word' id='word_1_91' title='bbox 292 1239 329 1300; x_wconf 87' lang='lat' dir='ltr'><strong>ut</strong></span> <span class='ocrx_word' id='word_1_92' title='bbox 358 1198 499 1321; x_wconf 84' lang='lat' dir='ltr'><strong>physici,</strong></span> <span class='ocrx_word' id='word_1_93' title='bbox 526 1236 675 1320; x_wconf 88' lang='lat' dir='ltr'><strong>quibus</strong></span> <span class='ocrx_word' id='word_1_94' title='bbox 666 1258 762 1301; x_wconf 88' lang='lat' dir='ltr'><strong>mane</strong></span> <span class='ocrx_word' id='word_1_95' title='bbox 785 1257 855 1302; x_wconf 89' lang='lat' dir='ltr'><strong>esse</strong></span> <span class='ocrx_word' id='word_1_96' title='bbox 877 1236 961 1301; x_wconf 89' lang='lat' dir='ltr'><strong>nihil</strong></span> <span class='ocrx_word' id='word_1_97' title='bbox 971 1237 1105 1338; x_wconf 74' lang='lat' dir='ltr'><strong>placet,</strong></span> <span class='ocrx_word' id='word_1_98' title='bbox 1133 1236 1189 1301; x_wconf 91' lang='lat' dir='ltr'><strong>sed</strong></span> <span class='ocrx_word' id='word_1_99' title='bbox 1276 1244 1280 1303; x_wconf 63' lang='grc' dir='ltr'>ζ</span> 
     </span>
     <span class='ocr_line' id='line_1_13' title="bbox 177 1287 1189 1426; baseline 0.002 -38.061"><span class='ocrx_word' id='word_1_100' title='bbox 177 1325 235 1409; x_wconf 86' lang='lat' dir='ltr'><strong>ita,</strong></span> <span class='ocrx_word' id='word_1_101' title='bbox 255 1287 295 1389; x_wconf 81' lang='lat' dir='ltr'><strong>&#39;ut</strong></span> <span class='ocrx_word' id='word_1_102' title='bbox 318 1325 409 1391; x_wconf 82' lang='lat' dir='ltr'><strong>verbi</strong></span> <span class='ocrx_word' id='word_1_103' title='bbox 431 1345 529 1391; x_wconf 87' lang='lat' dir='ltr'><strong>causa</strong></span> <span class='ocrx_word' id='word_1_104' title='bbox 551 1325 621 1389; x_wconf 90' lang='lat' dir='ltr'><strong>sine</strong></span> <span class='ocrx_word' id='word_1_105' title='bbox 640 1346 733 1408; x_wconf 85' lang='lat' dir='ltr'><strong>aqua,</strong></span> <span class='ocrx_word' id='word_1_106' title='bbox 756 1324 825 1390; x_wconf 91' lang='lat' dir='ltr'><strong>sine</strong></span> <span class='ocrx_word' id='word_1_107' title='bbox 842 1325 933 1426; x_wconf 74' lang='lat' dir='ltr'><strong>vino,</strong></span> <span class='ocrx_word' id='word_1_108' title='bbox 952 1323 1021 1390; x_wconf 90' lang='lat' dir='ltr'><strong>sine</strong></span> <span class='ocrx_word' id='word_1_109' title='bbox 1041 1326 1111 1391; x_wconf 90' lang='lat' dir='ltr'><strong>oleo</strong></span> <span class='ocrx_word' id='word_1_110' title='bbox 1130 1347 1189 1390; x_wconf 87' lang='lat' dir='ltr'><strong>vas</strong></span> 
     </span>
     <span class='ocr_line' id='line_1_14' title="bbox 180 1411 1189 1514; baseline 0.001 -37"><span class='ocrx_word' id='word_1_111' title='bbox 180 1434 250 1477; x_wconf 87' lang='lat' dir='ltr'><strong>esse</strong></span> <span class='ocrx_word' id='word_1_112' title='bbox 279 1411 437 1514; x_wconf 85' lang='lat' dir='ltr'><strong>dicamus,</strong></span> <span class='ocrx_word' id='word_1_113' title='bbox 469 1412 528 1496; x_wconf 87' lang='lat' dir='ltr'><strong>sie,</strong></span> <span class='ocrx_word' id='word_1_114' title='bbox 560 1435 633 1479; x_wconf 90' lang='lat' dir='ltr'><strong>cum</strong></span> <span class='ocrx_word' id='word_1_115' title='bbox 661 1415 730 1477; x_wconf 89' lang='lat' dir='ltr'><strong>sine</strong></span> <span class='ocrx_word' id='word_1_116' title='bbox 757 1434 855 1479; x_wconf 86' lang='lat' dir='ltr'><strong>causa</strong></span> <span class='ocrx_word' id='word_1_117' title='bbox 882 1412 1025 1478; x_wconf 89' lang='lat' dir='ltr'><strong>animum</strong></span> <span class='ocrx_word' id='word_1_118' title='bbox 1053 1412 1189 1479; x_wconf 88' lang='lat' dir='ltr'><strong>dicimus</strong></span> 
     </span>
     <span class='ocr_line' id='line_1_15' title="bbox 179 1500 1190 1586; baseline 0.001 -20"><span class='ocrx_word' id='word_1_119' title='bbox 179 1501 311 1584; x_wconf 87' lang='lat' dir='ltr'><strong>moveri,</strong></span> <span class='ocrx_word' id='word_1_120' title='bbox 334 1501 403 1565; x_wconf 89' lang='lat' dir='ltr'><strong>sine</strong></span> <span class='ocrx_word' id='word_1_121' title='bbox 422 1505 480 1566; x_wconf 88' lang='lat' dir='ltr'><strong>ant</strong></span> <span class='ocrx_word' id='word_1_122' title='bbox 466 1500 633 1566; x_wconf 91' lang='lat' dir='ltr'><strong>tecedente</strong></span> <span class='ocrx_word' id='word_1_123' title='bbox 650 1505 684 1566; x_wconf 89' lang='lat' dir='ltr'><strong>et</strong></span> <span class='ocrx_word' id='word_1_124' title='bbox 702 1504 756 1565; x_wconf 86' lang='lat' dir='ltr'><strong>ext</strong></span> <span class='ocrx_word' id='word_1_125' title='bbox 758 1523 836 1566; x_wconf 88' lang='lat' dir='ltr'><strong>erna</strong></span> <span class='ocrx_word' id='word_1_126' title='bbox 854 1523 953 1567; x_wconf 88' lang='lat' dir='ltr'><strong>causa</strong></span> <span class='ocrx_word' id='word_1_127' title='bbox 970 1501 1101 1586; x_wconf 84' lang='lat' dir='ltr'><strong>moveri,</strong></span> <span class='ocrx_word' id='word_1_128' title='bbox 1123 1524 1190 1567; x_wconf 95' lang='lat' dir='ltr'><strong>non</strong></span> 
     </span>
     <span class='ocr_line' id='line_1_16' title="bbox 140 1587 1190 1675; baseline 0 -21"><span class='ocrx_word' id='word_1_129' title='bbox 140 1606 164 1646; x_wconf 73' lang='grc' dir='ltr'><strong>ιι</strong></span> <span class='ocrx_word' id='word_1_130' title='bbox 179 1588 312 1654; x_wconf 89' lang='lat' dir='ltr'><strong>omnino</strong></span> <span class='ocrx_word' id='word_1_131' title='bbox 339 1589 409 1654; x_wconf 90' lang='lat' dir='ltr'><strong>sine</strong></span> <span class='ocrx_word' id='word_1_132' title='bbox 437 1610 536 1655; x_wconf 85' lang='lat' dir='ltr'><strong>eausa</strong></span> <span class='ocrx_word' id='word_1_133' title='bbox 558 1588 702 1653; x_wconf 86' lang='lat' dir='ltr'><strong>dicimus.</strong></span> <span class='ocrx_word' id='word_1_134' title='bbox 746 1587 796 1654; x_wconf 89' lang='lat' dir='ltr'><strong>De</strong></span> <span class='ocrx_word' id='word_1_135' title='bbox 820 1589 892 1675; x_wconf 89' lang='lat' dir='ltr'><strong>ipsa</strong></span> <span class='ocrx_word' id='word_1_136' title='bbox 915 1593 1025 1655; x_wconf 87' lang='lat' dir='ltr'><strong>atomo</strong></span> <span class='ocrx_word' id='word_1_137' title='bbox 1049 1588 1112 1655; x_wconf 90' lang='lat' dir='ltr'><strong>diei</strong></span> <span class='ocrx_word' id='word_1_138' title='bbox 1134 1613 1190 1675; x_wconf 78' lang='lat' dir='ltr'><strong>po</strong></span> 
     </span>
     <span class='ocr_line' id='line_1_17' title="bbox 179 1677 1189 1764; baseline 0 -22"><span class='ocrx_word' id='word_1_139' title='bbox 179 1680 259 1762; x_wconf 92' lang='lat' dir='ltr'><strong>test,</strong></span> <span class='ocrx_word' id='word_1_140' title='bbox 286 1699 360 1743; x_wconf 87' lang='lat' dir='ltr'><strong>eum</strong></span> <span class='ocrx_word' id='word_1_141' title='bbox 385 1699 445 1764; x_wconf 88' lang='lat' dir='ltr'><strong>per</strong></span> <span class='ocrx_word' id='word_1_142' title='bbox 471 1677 568 1742; x_wconf 89' lang='lat' dir='ltr'><strong>inane</strong></span> <span class='ocrx_word' id='word_1_143' title='bbox 596 1680 762 1743; x_wconf 65' lang='lat' dir='ltr'><strong>mereatu„</strong></span> <span class='ocrx_word' id='word_1_144' title='bbox 794 1677 956 1763; x_wconf 82' lang='lat' dir='ltr'><strong>gravitate</strong></span> <span class='ocrx_word' id='word_1_145' title='bbox 984 1681 1017 1742; x_wconf 90' lang='lat' dir='ltr'><strong>et</strong></span> <span class='ocrx_word' id='word_1_146' title='bbox 1039 1677 1189 1764; x_wconf 89' lang='lat' dir='ltr'><strong>pondere,</strong></span> 
     </span>
     <span class='ocr_line' id='line_1_18' title="bbox 179 1764 1190 1851; baseline 0 -20"><span class='ocrx_word' id='word_1_147' title='bbox 179 1766 249 1831; x_wconf 88' lang='lat' dir='ltr'><strong>sine</strong></span> <span class='ocrx_word' id='word_1_148' title='bbox 272 1787 371 1831; x_wconf 84' lang='lat' dir='ltr'><strong>causa</strong></span> <span class='ocrx_word' id='word_1_149' title='bbox 393 1764 526 1848; x_wconf 88' lang='lat' dir='ltr'><strong>moveri,</strong></span> <span class='ocrx_word' id='word_1_150' title='bbox 548 1765 626 1851; x_wconf 88' lang='lat' dir='ltr'><strong>quia</strong></span> <span class='ocrx_word' id='word_1_151' title='bbox 646 1766 739 1830; x_wconf 86' lang='lat' dir='ltr'><strong>nulla</strong></span> <span class='ocrx_word' id='word_1_152' title='bbox 762 1787 860 1832; x_wconf 86' lang='lat' dir='ltr'><strong>causa</strong></span> <span class='ocrx_word' id='word_1_153' title='bbox 883 1765 1014 1832; x_wconf 85' lang='lat' dir='ltr'><strong>accedat</strong></span> <span class='ocrx_word' id='word_1_154' title='bbox 1037 1766 1190 1831; x_wconf 80' lang='lat' dir='ltr'><strong>extrinse</strong></span> 
     </span>
     <span class='ocr_line' id='line_1_19' title="bbox 179 1852 1241 1940; baseline -0.003 -20"><span class='ocrx_word' id='word_1_155' title='bbox 179 1877 244 1920; x_wconf 89' lang='lat' dir='ltr'><strong>cus.</strong></span> <span class='ocrx_word' id='word_1_156' title='bbox 287 1852 413 1919; x_wconf 86' lang='lat' dir='ltr'><strong>Rursus</strong></span> <span class='ocrx_word' id='word_1_157' title='bbox 437 1858 560 1938; x_wconf 89' lang='lat' dir='ltr'><strong>autem,</strong></span> <span class='ocrx_word' id='word_1_158' title='bbox 586 1875 628 1919; x_wconf 89' lang='lat' dir='ltr'><strong>ne</strong></span> <span class='ocrx_word' id='word_1_159' title='bbox 651 1875 763 1920; x_wconf 89' lang='lat' dir='ltr'><strong>omnes</strong></span> <span class='ocrx_word' id='word_1_160' title='bbox 786 1854 913 1940; x_wconf 87' lang='lat' dir='ltr'><strong>physici</strong></span> <span class='ocrx_word' id='word_1_161' title='bbox 936 1853 1099 1920; x_wconf 78' lang='lat' dir='ltr'><strong>inrideant</strong></span> <span class='ocrx_word' id='word_1_162' title='bbox 1121 1877 1190 1938; x_wconf 90' lang='lat' dir='ltr'><strong>nos,</strong></span> <span class='ocrx_word' id='word_1_163' title='bbox 1209 1868 1241 1917; x_wconf 81' lang='grc' dir='ltr'><strong>ιι</strong></span> 
     </span>
    </p>
   </div>
   <div class='ocr_carea' id='block_1_3' title="bbox 180 1942 1191 2096">
    <p class='ocr_par' dir='ltr' id='par_1_3' title="bbox 180 1942 1191 2096">
     <span class='ocr_line' id='line_1_20' title="bbox 180 1942 1191 2096; baseline 0.001 -89"><span class='ocrx_word' id='word_1_164' title='bbox 180 1943 208 2007; x_wconf 91' lang='lat' dir='ltr'><strong>si</strong></span> <span class='ocrx_word' id='word_1_165' title='bbox 236 1942 380 2095; x_wconf 83' lang='lat' dir='ltr'><strong>dieamus</strong></span> <span class='ocrx_word' id='word_1_166' title='bbox 404 1943 576 2027; x_wconf 91' lang='lat' dir='ltr'><strong>quiequam</strong></span> <span class='ocrx_word' id='word_1_167' title='bbox 599 1942 671 2007; x_wconf 91' lang='lat' dir='ltr'><strong>fieri</strong></span> <span class='ocrx_word' id='word_1_168' title='bbox 694 1943 763 2008; x_wconf 91' lang='lat' dir='ltr'><strong>sine</strong></span> <span class='ocrx_word' id='word_1_169' title='bbox 787 1964 898 2027; x_wconf 87' lang='lat' dir='ltr'><strong>causa,</strong></span> <span class='ocrx_word' id='word_1_170' title='bbox 927 1942 1191 2096; x_wconf 81' lang='lat' dir='ltr'><strong>distinguendum</strong></span> 
     </span>
    </p>
   </div>
   <div class='ocr_carea' id='block_1_4' title="bbox 112 2119 1245 3620">
    <p class='ocr_par' dir='ltr' id='par_1_4' title="bbox 112 2119 1245 3620">
     <span class='ocr_line' id='line_1_21' title="bbox 180 2119 1191 2206; baseline 0 -22"><span class='ocrx_word' id='word_1_171' title='bbox 180 2142 259 2204; x_wconf 85' lang='lat' dir='ltr'><strong>ram,</strong></span> <span class='ocrx_word' id='word_1_172' title='bbox 282 2123 320 2186; x_wconf 89' lang='lat' dir='ltr'><strong>ut</strong></span> <span class='ocrx_word' id='word_1_173' title='bbox 337 2119 480 2205; x_wconf 90' lang='lat' dir='ltr'><strong>pondere</strong></span> <span class='ocrx_word' id='word_1_174' title='bbox 499 2123 533 2184; x_wconf 90' lang='lat' dir='ltr'><strong>et</strong></span> <span class='ocrx_word' id='word_1_175' title='bbox 551 2119 714 2205; x_wconf 82' lang='lat' dir='ltr'><strong>gravitas</strong></span> <span class='ocrx_word' id='word_1_176' title='bbox 732 2123 910 2204; x_wconf 84' lang='lat' dir='ltr'><strong>moveatur,</strong></span> <span class='ocrx_word' id='word_1_177' title='bbox 931 2141 1066 2204; x_wconf 87' lang='lat' dir='ltr'><strong>eamque</strong></span> <span class='ocrx_word' id='word_1_178' title='bbox 1085 2119 1191 2206; x_wconf 88' lang='lat' dir='ltr'><strong>ipsam</strong></span> 
     </span>
     <span class='ocr_line' id='line_1_22' title="bbox 180 2204 1191 2292; baseline 0 -19"><span class='ocrx_word' id='word_1_179' title='bbox 180 2230 250 2273; x_wconf 88' lang='lat' dir='ltr'><strong>esse</strong></span> <span class='ocrx_word' id='word_1_180' title='bbox 273 2229 415 2292; x_wconf 86' lang='lat' dir='ltr'><strong>causam,</strong></span> <span class='ocrx_word' id='word_1_181' title='bbox 440 2230 497 2273; x_wconf 91' lang='lat' dir='ltr'><strong>cur</strong></span> <span class='ocrx_word' id='word_1_182' title='bbox 519 2208 567 2273; x_wconf 87' lang='lat' dir='ltr'><strong>ita</strong></span> <span class='ocrx_word' id='word_1_183' title='bbox 588 2207 675 2273; x_wconf 85' lang='lat' dir='ltr'><strong>ferat</strong></span> <span class='ocrx_word' id='word_1_184' title='bbox 660 2211 723 2273; x_wconf 90' lang='lat' dir='ltr'><strong>t.ur</strong></span> <span class='ocrx_word' id='word_1_185' title='bbox 764 2204 921 2273; x_wconf 78' lang='lat' dir='ltr'><strong>Similiter</strong></span> <span class='ocrx_word' id='word_1_186' title='bbox 944 2208 985 2274; x_wconf 83' lang='lat' dir='ltr'><strong>ed</strong></span> <span class='ocrx_word' id='word_1_187' title='bbox 1008 2208 1191 2274; x_wconf 87' lang='lat' dir='ltr'><strong>animorum</strong></span> 
     </span>
     <span class='ocr_line' id='line_1_23' title="bbox 180 2295 1191 2381; baseline -0.001 -19"><span class='ocrx_word' id='word_1_188' title='bbox 180 2320 232 2363; x_wconf 91' lang='lat' dir='ltr'><strong>mo</strong></span> <span class='ocrx_word' id='word_1_189' title='bbox 233 2300 287 2362; x_wconf 90' lang='lat' dir='ltr'><strong>tus</strong></span> <span class='ocrx_word' id='word_1_190' title='bbox 315 2297 518 2363; x_wconf 84' lang='lat' dir='ltr'><strong>voluntarios</strong></span> <span class='ocrx_word' id='word_1_191' title='bbox 543 2318 611 2361; x_wconf 93' lang='lat' dir='ltr'><strong>non</strong></span> <span class='ocrx_word' id='word_1_192' title='bbox 635 2300 685 2362; x_wconf 91' lang='lat' dir='ltr'><strong>est</strong></span> <span class='ocrx_word' id='word_1_193' title='bbox 708 2295 902 2381; x_wconf 88' lang='lat' dir='ltr'><strong>requirenda</strong></span> <span class='ocrx_word' id='word_1_194' title='bbox 925 2300 1058 2362; x_wconf 83' lang='lat' dir='ltr'><strong>externa</strong></span> <span class='ocrx_word' id='word_1_195' title='bbox 1080 2318 1191 2381; x_wconf 88' lang='lat' dir='ltr'><strong>causa,</strong></span> 
     </span>
     <span class='ocr_line' id='line_1_24' title="bbox 112 2384 1191 2471; baseline 0 -21"><span class='ocrx_word' id='word_1_196' title='bbox 112 2426 119 2438; x_wconf 55' lang='grc' dir='ltr'><strong>ι</strong></span> <span class='ocrx_word' id='word_1_197' title='bbox 179 2389 289 2452; x_wconf 89' lang='lat' dir='ltr'><strong>motus</strong></span> <span class='ocrx_word' id='word_1_198' title='bbox 314 2385 399 2450; x_wconf 92' lang='lat' dir='ltr'><strong>enim</strong></span> <span class='ocrx_word' id='word_1_199' title='bbox 422 2384 627 2452; x_wconf 87' lang='lat' dir='ltr'><strong>voluntarius</strong></span> <span class='ocrx_word' id='word_1_200' title='bbox 650 2406 723 2449; x_wconf 87' lang='lat' dir='ltr'><strong>eam</strong></span> <span class='ocrx_word' id='word_1_201' title='bbox 744 2385 929 2450; x_wconf 85' lang='lat' dir='ltr'><strong>naturam</strong></span> <span class='ocrx_word' id='word_1_202' title='bbox 920 2407 955 2449; x_wconf 91' lang='grc' dir='ltr'><strong>ιιι</strong></span> <span class='ocrx_word' id='word_1_203' title='bbox 977 2384 1100 2471; x_wconf 91' lang='lat' dir='ltr'><strong>seipse</strong></span> <span class='ocrx_word' id='word_1_204' title='bbox 1119 2408 1191 2452; x_wconf 87' lang='lat' dir='ltr'><strong>oon·</strong></span> 
     </span>
     <span class='ocr_line' id='line_1_25' title="bbox 140 2473 1192 2559; baseline 0.002 -22"><span class='ocrx_word' id='word_1_205' title='bbox 140 2492 166 2531; x_wconf 71' lang='grc' dir='ltr'><strong>ιι</strong></span> <span class='ocrx_word' id='word_1_206' title='bbox 180 2474 277 2557; x_wconf 90' lang='lat' dir='ltr'><strong>tinet,</strong></span> <span class='ocrx_word' id='word_1_207' title='bbox 299 2478 337 2539; x_wconf 91' lang='lat' dir='ltr'><strong>ut</strong></span> <span class='ocrx_word' id='word_1_208' title='bbox 359 2474 404 2539; x_wconf 87' lang='lat' dir='ltr'><strong>sit</strong></span> <span class='ocrx_word' id='word_1_209' title='bbox 425 2474 461 2537; x_wconf 92' lang='lat' dir='ltr'><strong>in</strong></span> <span class='ocrx_word' id='word_1_210' title='bbox 482 2477 597 2539; x_wconf 87' lang='lat' dir='ltr'><strong>nostra</strong></span> <span class='ocrx_word' id='word_1_211' title='bbox 619 2476 784 2558; x_wconf 84' lang='lat' dir='ltr'><strong>potestate</strong></span> <span class='ocrx_word' id='word_1_212' title='bbox 806 2473 964 2557; x_wconf 86' lang='lat' dir='ltr'><strong>nobisque</strong></span> <span class='ocrx_word' id='word_1_213' title='bbox 987 2477 1110 2559; x_wconf 85' lang='lat' dir='ltr'><strong>pareat,</strong></span> <span class='ocrx_word' id='word_1_214' title='bbox 1132 2496 1192 2540; x_wconf 90' lang='lat' dir='ltr'><strong>nee</strong></span> 
     </span>
     <span class='ocr_line' id='line_1_26' title="bbox 180 2561 1191 2647; baseline 0.001 -22"><span class='ocrx_word' id='word_1_215' title='bbox 180 2562 214 2626; x_wconf 93' lang='lat' dir='ltr'><strong>id</strong></span> <span class='ocrx_word' id='word_1_216' title='bbox 242 2561 312 2626; x_wconf 89' lang='lat' dir='ltr'><strong>sine</strong></span> <span class='ocrx_word' id='word_1_217' title='bbox 342 2583 454 2646; x_wconf 81' lang='lat' dir='ltr'><strong>causa3</strong></span> <span class='ocrx_word' id='word_1_218' title='bbox 484 2561 552 2627; x_wconf 87' lang='lat' dir='ltr'><strong>eius</strong></span> <span class='ocrx_word' id='word_1_219' title='bbox 582 2562 630 2625; x_wconf 91' lang='lat' dir='ltr'><strong>rei</strong></span> <span class='ocrx_word' id='word_1_220' title='bbox 657 2561 744 2626; x_wconf 90' lang='lat' dir='ltr'><strong>enim</strong></span> <span class='ocrx_word' id='word_1_221' title='bbox 771 2582 869 2626; x_wconf 86' lang='lat' dir='ltr'><strong>causa</strong></span> <span class='ocrx_word' id='word_1_222' title='bbox 896 2561 969 2647; x_wconf 87' lang='lat' dir='ltr'><strong>ipsa</strong></span> <span class='ocrx_word' id='word_1_223' title='bbox 990 2565 1109 2627; x_wconf 87' lang='lat' dir='ltr'><strong>natura</strong></span> <span class='ocrx_word' id='word_1_224' title='bbox 1132 2566 1191 2626; x_wconf 87' lang='lat' dir='ltr'><strong>est.</strong></span> 
     </span>
     <span class='ocr_line' id='line_1_27' title="bbox 181 2648 1245 2736; baseline -0.002 -23"><span class='ocrx_word' id='word_1_225' title='bbox 181 2648 274 2725; x_wconf 86' lang='lat' dir='ltr'><strong>Quod</strong></span> <span class='ocrx_word' id='word_1_226' title='bbox 296 2672 370 2714; x_wconf 92' lang='lat' dir='ltr'><strong>cum</strong></span> <span class='ocrx_word' id='word_1_227' title='bbox 391 2650 440 2714; x_wconf 91' lang='lat' dir='ltr'><strong>ita</strong></span> <span class='ocrx_word' id='word_1_228' title='bbox 462 2649 516 2733; x_wconf 90' lang='lat' dir='ltr'><strong>sit,</strong></span> <span class='ocrx_word' id='word_1_229' title='bbox 538 2649 615 2734; x_wconf 89' lang='lat' dir='ltr'><strong>qnid</strong></span> <span class='ocrx_word' id='word_1_230' title='bbox 639 2653 698 2733; x_wconf 89' lang='lat' dir='ltr'><strong>est,</strong></span> <span class='ocrx_word' id='word_1_231' title='bbox 721 2671 777 2715; x_wconf 91' lang='lat' dir='ltr'><strong>cnr</strong></span> <span class='ocrx_word' id='word_1_232' title='bbox 795 2671 862 2716; x_wconf 91' lang='lat' dir='ltr'><strong>non</strong></span> <span class='ocrx_word' id='word_1_233' title='bbox 880 2650 985 2715; x_wconf 91' lang='lat' dir='ltr'><strong>omnis</strong></span> <span class='ocrx_word' id='word_1_234' title='bbox 1003 2650 1192 2736; x_wconf 75' lang='lat' dir='ltr'><strong>pronuntia</strong></span> <span class='ocrx_word' id='word_1_235' title='bbox 1210 2662 1245 2712; x_wconf 78' lang='grc' dir='ltr'><strong>ιι</strong></span> 
     </span>
     <span class='ocr_line' id='line_1_28' title="bbox 180 2736 1192 2822; baseline 0.001 -20"><span class='ocrx_word' id='word_1_236' title='bbox 180 2738 229 2802; x_wconf 89' lang='grc' dir='ltr'><strong>ιιο</strong></span> <span class='ocrx_word' id='word_1_237' title='bbox 248 2741 305 2802; x_wconf 89' lang='lat' dir='ltr'><strong>aut</strong></span> <span class='ocrx_word' id='word_1_238' title='bbox 322 2759 400 2802; x_wconf 75' lang='lat' dir='ltr'><strong>uera</strong></span> <span class='ocrx_word' id='word_1_239' title='bbox 421 2740 478 2802; x_wconf 87' lang='lat' dir='ltr'><strong>aut</strong></span> <span class='ocrx_word' id='word_1_240' title='bbox 495 2737 581 2802; x_wconf 87' lang='lat' dir='ltr'><strong>falsa</strong></span> <span class='ocrx_word' id='word_1_241' title='bbox 599 2736 653 2818; x_wconf 90' lang='lat' dir='ltr'><strong>sit,</strong></span> <span class='ocrx_word' id='word_1_242' title='bbox 669 2737 735 2803; x_wconf 92' lang='lat' dir='ltr'><strong>nisi</strong></span> <span class='ocrx_word' id='word_1_243' title='bbox 753 2739 1005 2804; x_wconf 83' lang='lat' dir='ltr'><strong>concesserimus</strong></span> <span class='ocrx_word' id='word_1_244' title='bbox 1023 2737 1093 2804; x_wconf 82' lang='lat' dir='ltr'><strong>fato</strong></span> <span class='ocrx_word' id='word_1_245' title='bbox 1112 2738 1192 2822; x_wconf 90' lang='lat' dir='ltr'><strong>fieri,</strong></span> 
     </span>
     <span class='ocr_line' id='line_1_29' title="bbox 180 2823 1193 2912; baseline 0.001 -22"><span class='ocrx_word' id='word_1_246' title='bbox 180 2846 400 2911; x_wconf 86' lang='lat' dir='ltr'><strong>quaecumque</strong></span> <span class='ocrx_word' id='word_1_247' title='bbox 414 2826 517 2897; x_wconf 77' lang='lat' dir='ltr'><strong>fiant?</strong></span> <span class='ocrx_word' id='word_1_248' title='bbox 536 2823 619 2901; x_wconf 80' lang='lat' dir='ltr'><strong>Quia</strong></span> <span class='ocrx_word' id='word_1_249' title='bbox 629 2825 741 2890; x_wconf 86' lang='lat' dir='ltr'><strong>futura</strong></span> <span class='ocrx_word' id='word_1_250' title='bbox 752 2847 838 2910; x_wconf 87' lang='lat' dir='ltr'><strong>vera,</strong></span> <span class='ocrx_word' id='word_1_251' title='bbox 852 2825 968 2911; x_wconf 88' lang='lat' dir='ltr'><strong>inquit,</strong></span> <span class='ocrx_word' id='word_1_252' title='bbox 980 2847 1046 2892; x_wconf 91' lang='lat' dir='ltr'><strong>non</strong></span> <span class='ocrx_word' id='word_1_253' title='bbox 1055 2832 1193 2912; x_wconf 87' lang='lat' dir='ltr'><strong>possunt</strong></span> 
     </span>
     <span class='ocr_line' id='line_1_30' title="bbox 141 2913 1193 3000; baseline 0.002 -21"><span class='ocrx_word' id='word_1_254' title='bbox 141 2930 168 2972; x_wconf 71' lang='grc' dir='ltr'><strong>ιο</strong></span> <span class='ocrx_word' id='word_1_255' title='bbox 181 2934 252 2979; x_wconf 89' lang='lat' dir='ltr'><strong>esse</strong></span> <span class='ocrx_word' id='word_1_256' title='bbox 275 2935 322 2997; x_wconf 84' lang='lat' dir='ltr'><strong>ea,</strong></span> <span class='ocrx_word' id='word_1_257' title='bbox 345 2935 427 2997; x_wconf 86' lang='lat' dir='ltr'><strong>quae</strong></span> <span class='ocrx_word' id='word_1_258' title='bbox 446 2934 569 2999; x_wconf 87' lang='lat' dir='ltr'><strong>causas,</strong></span> <span class='ocrx_word' id='word_1_259' title='bbox 593 2935 650 2978; x_wconf 92' lang='lat' dir='ltr'><strong>cur</strong></span> <span class='ocrx_word' id='word_1_260' title='bbox 667 2913 778 2980; x_wconf 84' lang='lat' dir='ltr'><strong>futura</strong></span> <span class='ocrx_word' id='word_1_261' title='bbox 796 2914 873 2999; x_wconf 89' lang='lat' dir='ltr'><strong>sint,</strong></span> <span class='ocrx_word' id='word_1_262' title='bbox 894 2935 962 2980; x_wconf 90' lang='lat' dir='ltr'><strong>non</strong></span> <span class='ocrx_word' id='word_1_263' title='bbox 978 2913 1115 3000; x_wconf 75' lang='lat' dir='ltr'><strong>habent,</strong></span> <span class='ocrx_word' id='word_1_264' title='bbox 1137 2915 1193 2981; x_wconf 87' lang='lat' dir='ltr'><strong>ha·</strong></span> 
     </span>
     <span class='ocr_line' id='line_1_31' title="bbox 181 3002 1193 3088; baseline 0.002 -21"><span class='ocrx_word' id='word_1_265' title='bbox 181 3003 280 3067; x_wconf 85' lang='lat' dir='ltr'><strong>beant</strong></span> <span class='ocrx_word' id='word_1_266' title='bbox 309 3002 412 3088; x_wconf 84' lang='lat' dir='ltr'><strong>igitur</strong></span> <span class='ocrx_word' id='word_1_267' title='bbox 441 3023 554 3068; x_wconf 85' lang='lat' dir='ltr'><strong>causas</strong></span> <span class='ocrx_word' id='word_1_268' title='bbox 581 3023 711 3067; x_wconf 88' lang='lat' dir='ltr'><strong>necesse</strong></span> <span class='ocrx_word' id='word_1_269' title='bbox 738 3006 789 3068; x_wconf 85' lang='lat' dir='ltr'><strong>est</strong></span> <span class='ocrx_word' id='word_1_270' title='bbox 816 3024 867 3088; x_wconf 90' lang='lat' dir='ltr'><strong>ea,</strong></span> <span class='ocrx_word' id='word_1_271' title='bbox 897 3024 980 3088; x_wconf 87' lang='lat' dir='ltr'><strong>quae</strong></span> <span class='ocrx_word' id='word_1_272' title='bbox 1003 3024 1081 3069; x_wconf 87' lang='lat' dir='ltr'><strong>vera</strong></span> <span class='ocrx_word' id='word_1_273' title='bbox 1104 3008 1193 3087; x_wconf 81' lang='lat' dir='ltr'><strong>sunt3</strong></span> 
     </span>
     <span class='ocr_line' id='line_1_32' title="bbox 180 3088 1245 3177; baseline 0.001 -21"><span class='ocrx_word' id='word_1_274' title='bbox 180 3092 238 3176; x_wconf 90' lang='lat' dir='ltr'><strong>ita,</strong></span> <span class='ocrx_word' id='word_1_275' title='bbox 251 3112 325 3157; x_wconf 92' lang='lat' dir='ltr'><strong>cum</strong></span> <span class='ocrx_word' id='word_1_276' title='bbox 339 3090 515 3175; x_wconf 87' lang='lat' dir='ltr'><strong>evenerint,</strong></span> <span class='ocrx_word' id='word_1_277' title='bbox 527 3090 598 3156; x_wconf 86' lang='lat' dir='ltr'><strong>fato</strong></span> <span class='ocrx_word' id='word_1_278' title='bbox 613 3091 788 3158; x_wconf 82' lang='lat' dir='ltr'><strong>evenerint.</strong></span> <span class='ocrx_word' id='word_1_279' title='bbox 811 3088 1002 3158; x_wconf 84' lang='lat' dir='ltr'><strong>Confectum</strong></span> <span class='ocrx_word' id='word_1_280' title='bbox 1015 3092 1193 3177; x_wconf 83' lang='lat' dir='ltr'><strong>negotium,</strong></span> <span class='ocrx_word' id='word_1_281' title='bbox 1205 3092 1245 3158; x_wconf 80' lang='lat'><strong>12</strong></span> 
     </span>
     <span class='ocr_line' id='line_1_33' title="bbox 181 3179 1192 3282; baseline 0 -37"><span class='ocrx_word' id='word_1_282' title='bbox 181 3180 339 3282; x_wconf 84' lang='lat' dir='ltr'><strong>siquidem</strong></span> <span class='ocrx_word' id='word_1_283' title='bbox 368 3179 606 3246; x_wconf 89' lang='lat' dir='ltr'><strong>concedendum</strong></span> <span class='ocrx_word' id='word_1_284' title='bbox 635 3179 697 3244; x_wconf 91' lang='lat' dir='ltr'><strong>tibi</strong></span> <span class='ocrx_word' id='word_1_285' title='bbox 724 3183 775 3245; x_wconf 90' lang='lat' dir='ltr'><strong>est</strong></span> <span class='ocrx_word' id='word_1_286' title='bbox 803 3182 860 3245; x_wconf 88' lang='lat' dir='ltr'><strong>aut</strong></span> <span class='ocrx_word' id='word_1_287' title='bbox 886 3179 957 3246; x_wconf 85' lang='lat' dir='ltr'><strong>fato</strong></span> <span class='ocrx_word' id='word_1_288' title='bbox 981 3181 1091 3245; x_wconf 88' lang='lat' dir='ltr'><strong>omnia</strong></span> <span class='ocrx_word' id='word_1_289' title='bbox 1112 3181 1192 3264; x_wconf 87' lang='lat' dir='ltr'><strong>fieri,</strong></span> 
     </span>
     <span class='ocr_line' id='line_1_34' title="bbox 181 3232 1245 3354; baseline -0.003 -21"><span class='ocrx_word' id='word_1_290' title='bbox 181 3272 239 3334; x_wconf 86' lang='lat' dir='ltr'><strong>aut</strong></span> <span class='ocrx_word' id='word_1_291' title='bbox 262 3269 435 3354; x_wconf 89' lang='lat' dir='ltr'><strong>quicquam</strong></span> <span class='ocrx_word' id='word_1_292' title='bbox 458 3267 530 3333; x_wconf 88' lang='lat' dir='ltr'><strong>fieri</strong></span> <span class='ocrx_word' id='word_1_293' title='bbox 552 3289 648 3353; x_wconf 88' lang='lat' dir='ltr'><strong>posse</strong></span> <span class='ocrx_word' id='word_1_294' title='bbox 672 3268 741 3333; x_wconf 91' lang='lat' dir='ltr'><strong>sine</strong></span> <span class='ocrx_word' id='word_1_295' title='bbox 765 3289 871 3334; x_wconf 81' lang='lat' dir='ltr'><strong>ceusu</strong></span> <span class='ocrx_word' id='word_1_296' title='bbox 916 3267 970 3334; x_wconf 81' lang='lat' dir='ltr'><strong>An</strong></span> <span class='ocrx_word' id='word_1_297' title='bbox 994 3268 1054 3333; x_wconf 89' lang='lat' dir='ltr'><strong>alit</strong></span> <span class='ocrx_word' id='word_1_298' title='bbox 1039 3272 1090 3333; x_wconf 88' lang='lat' dir='ltr'><strong>ter</strong></span> <span class='ocrx_word' id='word_1_299' title='bbox 1112 3232 1192 3335; x_wconf 75' lang='lat' dir='ltr'><strong>baed</strong></span> <span class='ocrx_word' id='word_1_300' title='bbox 1211 3280 1245 3331; x_wconf 78' lang='grc' dir='ltr'><strong>ιι</strong></span> 
     </span>
     <span class='ocr_line' id='line_1_35' title="bbox 142 3354 1194 3443; baseline 0.002 -22"><span class='ocrx_word' id='word_1_301' title='bbox 142 3372 168 3414; x_wconf 76' lang='grc' dir='ltr'><strong>ιι</strong></span> <span class='ocrx_word' id='word_1_302' title='bbox 182 3355 362 3422; x_wconf 83' lang='lat' dir='ltr'><strong>enuntiatio</strong></span> <span class='ocrx_word' id='word_1_303' title='bbox 390 3377 468 3422; x_wconf 83' lang='lat' dir='ltr'><strong>vera</strong></span> <span class='ocrx_word' id='word_1_304' title='bbox 497 3377 567 3422; x_wconf 91' lang='lat' dir='ltr'><strong>esse</strong></span> <span class='ocrx_word' id='word_1_305' title='bbox 589 3378 656 3422; x_wconf 93' lang='lat' dir='ltr'><strong>non</strong></span> <span class='ocrx_word' id='word_1_306' title='bbox 678 3358 801 3442; x_wconf 72' lang='lat' dir='ltr'><strong>potestz</strong></span> <span class='ocrx_word' id='word_1_307' title='bbox 830 3354 957 3443; x_wconf 76' lang='lat' dir='ltr'><strong>‘Capiet</strong></span> <span class='ocrx_word' id='word_1_308' title='bbox 979 3355 1194 3423; x_wconf 73' lang='lat' dir='ltr'><strong>Numantiam</strong></span> 
     </span>
     <span class='ocr_line' id='line_1_36' title="bbox 181 3442 1194 3530; baseline 0.002 -21"><span class='ocrx_word' id='word_1_309' title='bbox 181 3442 317 3530; x_wconf 85' lang='lat' dir='ltr'><strong>Scipio,</strong></span> <span class='ocrx_word' id='word_1_310' title='bbox 338 3444 403 3510; x_wconf 91' lang='lat' dir='ltr'><strong>nisi</strong></span> <span class='ocrx_word' id='word_1_311' title='bbox 431 3467 469 3510; x_wconf 85' lang='lat' dir='ltr'><strong>ex</strong></span> <span class='ocrx_word' id='word_1_312' title='bbox 498 3445 691 3510; x_wconf 87' lang='lat' dir='ltr'><strong>aeternitate</strong></span> <span class='ocrx_word' id='word_1_313' title='bbox 718 3466 816 3511; x_wconf 88' lang='lat' dir='ltr'><strong>causa</strong></span> <span class='ocrx_word' id='word_1_314' title='bbox 843 3466 975 3511; x_wconf 87' lang='lat' dir='ltr'><strong>causam</strong></span> <span class='ocrx_word' id='word_1_315' title='bbox 999 3467 1108 3511; x_wconf 91' lang='lat' dir='ltr'><strong>serens</strong></span> <span class='ocrx_word' id='word_1_316' title='bbox 1131 3446 1194 3511; x_wconf 94' lang='lat' dir='ltr'><strong>hoc</strong></span> 
     </span>
     <span class='ocr_line' id='line_1_37' title="bbox 183 3496 1194 3620; baseline -0.002 -20"><span class='ocrx_word' id='word_1_317' title='bbox 183 3534 245 3600; x_wconf 88' lang='lat' dir='ltr'><strong>erit</strong></span> <span class='ocrx_word' id='word_1_318' title='bbox 268 3496 444 3601; x_wconf 60' lang='lat' dir='ltr'><strong>effectura?</strong></span> <span class='ocrx_word' id='word_1_319' title='bbox 481 3533 535 3598; x_wconf 86' lang='lat' dir='ltr'><strong>An</strong></span> <span class='ocrx_word' id='word_1_320' title='bbox 556 3533 618 3600; x_wconf 91' lang='lat' dir='ltr'><strong>hoc</strong></span> <span class='ocrx_word' id='word_1_321' title='bbox 639 3532 837 3599; x_wconf 87' lang='lat' dir='ltr'><strong>falsumt</strong></span> <span class='ocrx_word' id='word_1_322' title='bbox 777 3555 820 3620; x_wconf 91' lang='lat' dir='ltr'><strong>po</strong></span> <span class='ocrx_word' id='word_1_323' title='bbox 822 3534 939 3600; x_wconf 88' lang='lat' dir='ltr'><strong>tnisset</strong></span> <span class='ocrx_word' id='word_1_324' title='bbox 957 3555 1037 3618; x_wconf 90' lang='lat' dir='ltr'><strong>esse,</strong></span> <span class='ocrx_word' id='word_1_325' title='bbox 1060 3535 1090 3599; x_wconf 87' lang='lat' dir='ltr'><strong>si</strong></span> <span class='ocrx_word' id='word_1_326' title='bbox 1107 3538 1194 3599; x_wconf 86' lang='lat' dir='ltr'><strong>esset</strong></span> 
     </span>
    </p>
   </div>
   <div class='ocr_carea' id='block_1_5' title="bbox 0 0 1339 3924">
    <p class='ocr_par' dir='ltr' id='par_1_5' title="bbox 0 0 1339 3924">
     <span class='ocr_line' id='line_1_38' title="bbox 0 0 1339 3924; baseline 0 0"><span class='ocrx_word' id='word_1_327' title='bbox 0 0 1339 3924; x_wconf 95' lang='lat' dir='ltr'><strong> </strong></span> 
     </span>
    </p>
   </div>
  </div>
 </body>
</html>
