2654 3924
179 227 245 291 294
533 223 583 279 DE
602 223 650 278 RE
668 223 824 279 Poenica

177 399 205 452 p.
226 373 289 452 170]
313 366 500 456 vincullum,
526 369 577 434 ius
605 374 715 435 autem
743 369 826 456 legis
855 369 1003 454 aequale,
1031 391 1094 454 quo
1117 369 1188 436 iure

178 459 316 525 societas
346 458 465 524 civium
493 457 598 523 teneri
624 461 748 544 potest,
778 479 851 524 cum
877 479 937 542 par
959 479 1026 523 non
1048 457 1092 522 sit
1114 479 1189 524 con·

178 547 261 614 dicio
288 547 429 613 civium?
466 544 501 612 si
528 546 615 611 enim
642 546 795 632 pecunias
823 545 956 630 aequari
981 567 1048 611 non
1071 545 1188 631 placat,

179 636 207 701 si
229 635 361 722 ingenia
383 635 528 702 omnium
551 635 645 720 paria
668 655 823 700 essenon
840 637 989 719 possunt,
1011 634 1083 699 iura
1101 639 1189 700 certe

177 725 271 810 paria
298 723 417 790 debent
445 744 515 789 osse
543 744 654 789 eorum
681 724 768 788 inter
791 743 839 806 se,
868 723 924 807 qui
946 726 1023 788 sunt
1045 723 1131 788 cives
1154 724 1190 788 in
1222 738 1240 783 s·

179 813 291 878 eedem
320 834 356 878 re
384 811 524 897 publica.
570 809 653 886 Quid
683 814 733 877 est
762 811 847 877 enim
876 810 991 876 civitas
1018 810 1082 877 nisi
1108 811 1189 876 iuris

179 900 355 967 socictasl.
370 951 377 965 .
392 951 399 965 .
414 951 421 964 .

127 1128 170 1193 33
392 1041 633 1124 [Desideraaar
649 1043 786 1124 popinae
808 1043 974 1124 quatuos]

127 1207 162 1256 ,0
179 1194 207 1247 p.
227 1168 274 1247 oe]
342 1163 476 1232 Ceteras
499 1187 575 1231 vero
594 1165 812 1250 respublicas
830 1185 871 1229 ne
890 1165 1101 1249 appellandas
1122 1166 1190 1251 qui-

180 1253 254 1319 dem
276 1257 395 1338 putant
416 1254 457 1319 iis
480 1253 677 1338 nominibus,
699 1253 817 1338 quibus
839 1252 917 1318 illae
940 1274 1011 1319 sese
1029 1254 1190 1340 appellari

179 1342 291 1409 velint.
338 1341 403 1407 Our
431 1342 517 1408 enim
540 1363 669 1429 regem
699 1341 861 1427 appellem
884 1340 972 1407 Iovis
995 1342 1111 1426 optimi
1133 1366 1189 1409 no·
1206 1363 1234 1405 lo

180 1431 267 1496 mine
298 1430 463 1496 hominem
494 1430 681 1496 dominandi
708 1430 860 1514 cupidum
888 1433 945 1494 aut
972 1430 1100 1515 imperii
1127 1432 1190 1498 sin·

118 1593 120 1599 s
181 1519 314 1606 gularis,
332 1519 454 1604 populo
474 1540 629 1604 oppresso
649 1518 878 1601 dominantem,
898 1539 963 1583 non
983 1523 1190 1603 tyrannum

180 1608 313 1693 potius?
341 1611 410 1673 tam
437 1608 524 1673 enim
547 1629 617 1671 csse
640 1607 781 1673 clemens
804 1610 962 1691 tyrannus
986 1629 1083 1692 quam
1107 1611 1189 1692 [rex]

118 1696 120 1701 ’
180 1697 375 1782 inportunus
397 1698 521 1782 potcst;
548 1699 585 1760 ut
608 1695 671 1762 hoc
692 1696 888 1781 populorum
910 1694 1054 1780 intersit,
1080 1701 1191 1763 utrum

181 1785 266 1851 comi
302 1784 432 1851 domino
469 1806 512 1849 an
547 1805 662 1869 aspero
699 1783 857 1868 serviant3
895 1783 974 1868 quin
1010 1785 1155 1851 serviant
1183 1786 1233 1873 l²⁵

181 1876 262 1955 poc]
278 1872 416 1958 quidem,
429 1872 500 1938 fieri
512 1894 579 1939 non
592 1876 711 1957 potest.
735 1870 806 1947 Quo
821 1876 931 1937 autem
946 1873 1042 1938 modo
1057 1874 1191 1959 adsequi

181 1965 312 2048 poterat
329 1960 528 2027 Lacedaemo
551 1961 610 2026 illa
632 1964 712 2045 tum,
735 1982 808 2026 cum
826 1964 994 2046 praestare
1012 1962 1191 2045 putabatur

182 2049 355 2135 disciplina
376 2050 424 2114 rei
446 2049 605 2134 publicae,
627 2053 664 2114 ut
686 2048 781 2114 bonis
802 2052 948 2114 uteretur
966 2049 1125 2135 iustisque
1143 2073 1191 2116 rc

183 2138 288 2225 gibus,
311 2160 384 2204 cum
407 2142 493 2204 essct
515 2136 682 2202 habendus
705 2158 771 2222 rex,
794 2137 985 2222 quicumque
1009 2159 1126 2224 genere
1144 2162 1191 2205 re·

182 2227 236 2313 gio
263 2230 361 2292 natus
389 2227 497 2292 esset?
533 2224 620 2290 Nam
648 2224 816 2310 optimatis
845 2226 974 2310 quidem
1002 2227 1074 2310 quis
1096 2227 1190 2313 ferat,
1205 2246 1232 2287 so

183 2315 238 2400 qui
264 2337 331 2381 non
357 2315 472 2400 populi
499 2335 665 2397 concessu,
695 2314 752 2378 sed
779 2314 846 2378 suis
875 2314 1015 2379 comitiis
1043 2315 1105 2382 hoc
1127 2317 1191 2382 sibi

181 2405 300 2469 nomen
328 2402 591 2489 adrogaverunt?
628 2400 691 2477 Qui
718 2401 804 2467 enim
830 2401 992 2468 iudicatur
1018 2404 1082 2470 iste
1109 2406 1190 2491 opti·

182 2493 276 2558 mus?
300 2492 456 2575 doctrino,
480 2491 615 2576 artibus,
638 2489 770 2556 studiis.
786 2541 793 2555 .
807 2540 838 2556 ..

396 2631 636 2712 [Desideraatar
652 2633 789 2716 popinae
810 2634 978 2716 quotuor]

128 2720 173 2846 ἓξ
182 2787 209 2839 p.
230 2759 294 2838 179]
369 2755 480 2822 ....si
501 2753 639 2822 fortuito
662 2755 695 2820 id
716 2755 825 2841 faciet,
846 2760 916 2822 tam
939 2756 1003 2823 cito
1027 2761 1191 2825 evertetur

183 2869 281 2931 quam
310 2845 417 2929 navis,
446 2845 475 2910 si
502 2867 519 2910 e
546 2844 730 2910 vectoribus
758 2848 847 2910 sorte
874 2846 988 2911 ductus
1012 2846 1053 2912 ad
1076 2848 1191 2933 guber·
1205 2867 1231 2909 ss

181 2934 299 3001 nacula
322 2934 502 3000 accesserit.
546 2931 667 3008 Quodsi
690 2932 775 2998 liber
796 2934 936 3019 populus
960 2935 1096 3022 deliget,
1124 2936 1184 3021 qui

182 3024 244 3089 bus
276 3043 311 3087 se
342 3022 540 3105 committat,
572 3022 771 3107 deligetque,
803 3021 831 3086 si
858 3023 954 3089 modo
982 3023 1092 3089 salvus
1120 3046 1191 3090 esse

182 3112 262 3195 vult,
285 3110 445 3196 optimum
470 3130 636 3194 quemque,
659 3114 746 3175 certe
768 3110 803 3174 in
826 3111 1024 3195 optimorum
1047 3113 1190 3178 consiliis

181 3200 291 3285 posita
319 3202 370 3264 est
396 3197 578 3264 civitatium
606 3198 709 3281 salus,
736 3200 928 3283 praesertim
955 3222 1028 3266 cum
1050 3199 1113 3266 hoc
1135 3222 1190 3266 na-

182 3292 258 3353 tura
283 3286 411 3370 tulerit,
438 3307 504 3351 non
531 3286 636 3351 solum
663 3290 701 3350 ut
727 3287 846 3351 summi
873 3288 994 3353 virtute
1021 3292 1054 3353 et
1082 3289 1190 3354 animo
1205 3308 1230 3350 ao

181 3378 370 3460 praeessent
388 3374 653 3458 inbecillioribus,
673 3374 729 3439 scd
746 3378 785 3438 ut
802 3374 838 3439 hi
856 3377 956 3441 ctiam
973 3398 1087 3461 parere
1106 3399 1191 3442 sum-

182 3491 210 3542 p,
226 3465 290 3543 180]
314 3462 377 3527 mis
400 3463 510 3527 velint.
546 3460 669 3526 Verum
687 3462 772 3527 hunc
791 3460 959 3549 opltimum
978 3468 1102 3529 statum
1119 3488 1191 3551 pra·

180 3550 232 3615 vis
264 3550 433 3615 hominum
465 3549 671 3634 opinionibus
704 3571 851 3615 aversum
882 3573 952 3617 csse
980 3553 1104 3639 dicunt,
1136 3555 1191 3638 qui
