2630 3904
191 200 235 265 32
499 197 548 252 nn
567 198 718 254 scruas
735 196 887 254 necnon
1011 170 1083 317 pp(

192 345 285 411 video
312 366 379 411 non
404 343 505 410 nullis
527 329 634 408 videri
651 341 841 428 Epicurum,
871 364 912 409 ne
934 344 969 409 in
992 318 1205 411 offdhsionem
1295 314 1296 397 l

192 432 442 500 Atheniensium
460 432 598 515 caderet,
621 432 729 498 verbis
747 431 919 516 reliquisse
937 432 1023 516 deos,
1043 455 1079 499 re
1097 438 1206 499 sustu·
1295 442 1296 483 ἐ

192 523 278 587 usse.
322 521 439 607 usque
467 521 504 586 in
532 520 600 585 ina
630 520 759 586 suasus
789 520 857 585 eius
887 519 1106 607 hrenumque
1134 543 1207 588 sen-
1295 494 1296 565 l

192 609 313 693 tentiis,
336 630 417 695 quas
440 608 615 695 appellatis
637 611 754 694 κυρίας
776 605 887 692 δόξας,
910 609 998 694 haec,
1021 613 1059 675 ut
1077 610 1207 697 opinor,

192 698 299 785 prima
326 698 488 765 sententia
515 700 579 762 est:
608 695 730 773 ‘Quod
752 697 909 763 beatum
931 701 970 764 et
991 699 1206 765 inmortale
1237 715 1252 757 υ

193 791 264 873 est,
293 787 332 853 id
359 808 427 853 nco
456 786 574 851 habet
602 806 670 851 nco
698 785 856 850 exhibet
883 785 1060 871 cuiquam
1088 808 1207 874 nego-

140 875 308 944 sitium?
345 873 386 940 In
406 874 469 940 hec
490 873 539 939 ita
562 873 711 959 exposita
733 874 896 939 sententia
918 879 995 940 sunt
1018 875 1073 959 qui
1094 876 1206 941 existi·

192 968 291 1048 ment,
314 962 400 1048 quod
422 962 479 1028 ille
501 962 632 1028 inscitia
648 962 746 1047 plane
764 962 917 1046 loquendi
934 962 1066 1049 fecerat,
1087 963 1207 1031 fecisse
1295 958 1296 1025 l

193 1053 357 1136 consult03
386 1052 425 1117 de
452 1050 583 1116 homine
610 1050 743 1116 minime
770 1050 863 1117 vafro
891 1052 977 1117 male
1004 1052 1207 1119 existimant.

140 1156 174 1208 86
193 1141 337 1208 Dubium
359 1144 411 1206 est
433 1140 528 1224 enim,
549 1143 659 1204 utrum
682 1139 769 1205 dicat
787 1139 911 1224 aliquid
927 1140 1061 1206 beatum
1079 1162 1153 1207 esse
1172 1146 1207 1207 et
1221 1161 1251 1199 ιο

193 1230 436 1313 inmortalem,
455 1228 483 1294 si
502 1227 579 1312 quid
598 1228 650 1293 sit.
681 1225 759 1294 Non
777 1228 1041 1294 animadvertunt
1057 1229 1112 1295 hic
1131 1251 1205 1295 eum

194 1318 347 1406 ambigue
369 1318 514 1383 locutum
537 1338 617 1401 csse,
640 1315 696 1381 sed
718 1316 832 1382 multis
855 1317 930 1382 aliis
953 1317 1034 1383 locis
1057 1322 1091 1384 et
1109 1318 1207 1384 illum
1295 1314 1296 1343 ¹

194 1411 227 1475 et
249 1406 471 1473 Metrodorum
493 1409 562 1471 tam
586 1408 697 1491 aperte
720 1427 818 1489 quam
841 1405 940 1489 paulo
964 1410 1039 1472 ante
1062 1409 1105 1472 te.
1142 1406 1207 1473 Ille
1295 1428 1296 1447 ¹

194 1518 271 1563 vero
295 1496 372 1562 deos
395 1515 466 1561 esse
488 1497 597 1579 putat,
618 1514 677 1559 nec
700 1515 897 1578 quemquam
918 1493 994 1579 vidi,
1018 1494 1074 1580 qui
1096 1496 1206 1582 magis
1295 1458 1296 1547 l

195 1608 246 1670 ea,
269 1606 351 1669 quae
373 1582 518 1649 timenda
540 1603 611 1648 esse
632 1586 782 1669 negaret,
804 1581 945 1667 timeret,
968 1587 1108 1648 mortem
1132 1584 1206 1650 dico
1221 1602 1248 1643 ιε
1295 1616 1296 1669 l

194 1678 227 1739 et
258 1674 344 1740 deos.
394 1670 518 1747 Quibus
549 1670 725 1736 mediocres
757 1670 905 1736 homines
935 1692 1002 1736 non
1033 1672 1082 1737 ita
1108 1673 1207 1738 valde
1295 1672 1296 1759 J

194 1764 377 1844 morentur,
399 1760 452 1825 his
474 1760 532 1825 ille
555 1759 676 1825 clamat
698 1759 842 1825 omnium
865 1760 1054 1826 mortalium
1076 1766 1206 1826 mentes
1295 1768 1296 1837 l

194 1871 264 1916 esse
290 1848 490 1936 perterritas.
534 1846 598 1913 Tot
624 1846 715 1913 milia
740 1847 977 1914 latrocinantur
999 1852 1105 1914 morte
1131 1872 1207 1936 pro·
1295 1876 1296 1881 ¹

194 1937 311 2026 posita,
329 1936 385 2002 alii
403 1936 521 2020 omnia,
539 1957 622 2020 quae
635 1939 782 2020 possunt,
800 1936 877 2002 fana
890 1936 1066 2022 conpilent.
1085 1936 1206 2024 Credo,

152 2061 155 2067 ·
195 2025 350 2093 eubillos
374 2024 489 2090 mortis
512 2023 612 2088 timor
634 2027 736 2089 ter'ret
758 2029 816 2090 aut
838 2025 899 2090 hos
921 2024 1099 2112 religionis.
1220 2044 1246 2085 so

142 2125 175 2178 8⁷
261 2111 324 2180 Sed
346 2113 500 2197 quoniam
521 2133 589 2177 non
611 2111 709 2179 audes
732 2112 812 2198 (iam
835 2113 920 2178 enim
943 2135 1017 2179 cum
1035 2114 1108 2200 ipso
1127 2114 1206 2202 ropi-
1295 2132 1296 2153 ³

194 2225 272 2271 curo
295 2198 425 2288 loquar)
446 2222 566 2288 negare
589 2222 659 2266 esse
682 2201 772 2286 deos,
801 2201 878 2287 quid
901 2205 964 2285 cst,
992 2202 1078 2287 quod
1099 2207 1134 2269 te
1157 2203 1205 2268 in-

194 2292 306 2379 pediat
332 2293 391 2356 aut
417 2289 519 2357 solem
548 2293 605 2356 aut
631 2288 786 2355 mundum
813 2294 871 2356 aut
892 2294 1034 2356 mentem
1058 2291 1205 2377 aliquam

195 2379 427 2465 sempiternam
448 2378 484 2443 in
505 2378 639 2444 deorum
660 2398 795 2444 numero
817 2379 960 2464 ponere?
1004 2377 1204 2465 ‘Numquam
1295 2428 1296 2431 ,

193 2468 282 2552 vidi,
308 2466 428 2551 inquit,
456 2467 608 2532 ‘animam
636 2466 773 2532 rationis
796 2466 987 2552 consiliique
1008 2468 1244 2554 participans

194 2557 229 2624 in
255 2556 325 2621 ulla
347 2555 413 2621 alia
434 2554 499 2621 nisi
520 2555 663 2620 humana
685 2554 813 2641 figura’.
859 2554 964 2631 Quid?
1009 2556 1089 2622 solis
1111 2579 1204 2622 num·

195 2645 349 2730 quidnam
381 2648 438 2710 aut
470 2645 565 2709 lunae
597 2646 654 2708 ant
686 2644 826 2729 quinque
854 2644 1032 2709 errantium
1061 2644 1204 2712 siderum

195 2733 301 2800 simile
327 2732 462 2798 vidisti?
507 2730 563 2797 Sol
592 2731 717 2797 duabus
743 2731 837 2798 unius
864 2732 953 2797 orbis
979 2732 1107 2799 ultimis
1130 2757 1204 2820 par·

194 2823 284 2887 tibus
311 2821 465 2887 definiens
493 2823 619 2886 motum
645 2841 757 2886 cursus
784 2842 908 2886 annuos
936 2821 1079 2907 conficit3
1104 2822 1202 2888 huius

194 2911 279 2977 hanc
309 2909 537 2975 lustrationem
569 2906 712 2974 eiusdem
742 2908 874 2975 incensa
904 2909 1004 2974 radiis
1033 2915 1242 2978 menstruoso

196 2999 302 3085 spatio
329 2999 408 3063 lune
434 2996 589 3081 complet3
620 2996 760 3082 quinque
788 3001 898 3062 autem
925 2998 1039 3063 stellae
1066 3000 1202 3065 eundem

195 3089 307 3154 orbem
330 3089 486 3168 tenentes,
509 3083 593 3150 aliae
615 3085 749 3171 propius
767 3108 787 3150 a
805 3086 911 3170 terris,
934 3086 1018 3152 aliae
1035 3088 1202 3173 remotius,
1295 3128 1296 3165 3

196 3176 237 3242 ab
255 3174 358 3239 isdem
374 3172 541 3259 principiis
556 3173 739 3258 disparibus
753 3175 954 3259 temporibus
969 3175 1080 3240 eadem
1095 3177 1202 3261 spatia
1295 3176 1296 3191 ¹

143 3274 176 3326 88
196 3259 510 3346 conficiunta'Num
533 3262 610 3346 quid
632 3262 712 3345 tale,
736 3261 884 3347 Epicure,
906 3262 1040 3329 vidisti?
1084 3263 1136 3331 Ne
1159 3265 1202 3330 sit

22 3430 27 3439 1
59 3411 64 3419 ,
179 3345 297 3437 (igitur
320 3350 379 3433 sol,
401 3372 442 3416 ne
465 3352 549 3430 luna,
571 3372 613 3415 ne
635 3351 759 3435 stellae,
782 3349 936 3436 quoniam
956 3352 1041 3417 nihil
1059 3374 1130 3419 esse
1146 3375 1200 3439 po
1214 3368 1239 3411 ⁸⁵

26 3514 58 3527 .‚
146 3482 161 3499 »η
195 3441 274 3521 test,
304 3437 367 3501 nisi
396 3439 483 3523 quod
509 3439 679 3525 attigimus
706 3443 764 3505 aut
789 3438 943 3524 vidimus3
974 3439 1074 3525 quid?
1107 3440 1201 3507 deum

59 3578 94 3623 q
194 3526 301 3610 ipsum
322 3546 442 3593 numne
464 3526 597 3594 vidisti?
634 3526 699 3594 Cur
715 3527 819 3613 igitur
835 3527 939 3593 credis
957 3529 1049 3594 csse?
1086 3528 1202 3596 Omnia
