2652 3920
352 213 353 218 ’
375 239 444 296 nlss.
462 238 497 297 11.
522 239 598 295 car.
618 247 733 297 ee-rr.
757 246 905 307 ser-au.
1075 238 1138 306 227

128 386 160 451 si
180 385 403 470 suscipiamus,
425 385 516 470 pedis
540 385 675 450 offensio
697 385 794 451 nobis
818 388 851 449 et
870 384 1024 471 abruptio
1042 386 1140 452 corri-

129 474 202 560 giae
225 479 259 539 et
281 478 505 538 sternumenta
528 476 624 538 erunt
646 472 857 539 obseruanda.
1149 525 1190 589 41

195 559 307 628 Sortes
331 565 457 627 restant
479 566 513 626 11
535 560 706 645 Chaldaei,
732 565 770 627 ut
792 561 834 627 ad
856 565 948 628 vates
971 563 1138 628 veniamus
1159 603 1192 652 ‘35

128 655 162 717 et
194 651 235 717 ad
263 650 398 717 somnia.
443 649 622 715 Dicendum
649 651 752 736 igitur
779 655 875 735 putas
906 649 945 716 de
972 651 1139 717 sortibus?

101 739 212 816 sauir
231 741 317 804 enim
336 760 407 805 sors
427 739 499 804 est?
522 737 613 803 Idem
631 739 888 824 propemodum,
908 738 994 823 quod
1010 740 1141 824 micare,

128 829 215 913 quod
237 829 324 893 talos
346 828 465 913 iacere,
493 826 579 911 quod
601 831 756 911 tesseras,
779 827 896 912 quibus
918 827 953 892 in
975 827 1072 893 rebus
1094 833 1141 894 te

128 918 261 982 meritas
285 919 319 981 11
341 937 446 1000 casus,
467 937 534 980 non
557 915 642 981 ratio
661 937 720 981 nec
738 915 911 981 eonsilium
929 916 1026 981 valet.
1056 915 1141 983 'Pota

127 1027 180 1071 res
199 1009 250 1070 est
267 1005 401 1070 inventa
417 1004 557 1069 fallaciis
577 1009 634 1069 aut
653 1004 694 1069 ad
713 1008 885 1090 quaestum
904 1008 961 1069 aut
975 1003 1016 1069 ad
1030 1025 1140 1090 super·

128 1093 297 1159 stitionem
326 1097 384 1158 aut
408 1091 451 1158 ad
478 1113 629 1158 errorem.
670 1093 780 1177 Atque
807 1096 844 1159 ut
871 1093 906 1157 in
933 1093 1140 1180 haruspicina

89 1182 277 1265 infecimus,
309 1181 356 1248 sic
387 1180 568 1265 videamus,
599 1182 865 1247 clarissumarum
892 1182 1030 1247 sortium
1058 1203 1140 1266 quae

128 1271 278 1335 tradatur
299 1270 455 1335 inventio.
491 1267 683 1335 Numerium
706 1267 897 1335 Suffustium
915 1268 1141 1336 Praenestino·

129 1383 201 1424 rum
224 1362 435 1424 monumenta
457 1359 633 1441 declarant,
654 1358 828 1424 honestum
850 1357 1016 1424 bominem
1034 1363 1067 1424 et
1085 1381 1141 1425 no·

129 1448 238 1529 bilem,
261 1446 396 1512 somniis
417 1445 548 1530 crebris,
571 1446 613 1511 ad
635 1451 816 1511 extremum
835 1446 935 1511 etiam
957 1447 1140 1513 minacibus

128 1559 203 1602 cum
224 1537 391 1600 iuberetur
413 1538 501 1601 certo
525 1535 559 1599 in
582 1535 654 1600 loco
678 1534 801 1599 silicem
826 1535 967 1620 caedere,
988 1536 1140 1621 perterri-

89 1643 114 1683 10
128 1630 200 1690 tum
226 1624 305 1689 visis
333 1622 545 1688 irridentibus
568 1623 634 1688 suis
657 1623 782 1688 civibus
805 1624 839 1688 id
862 1644 958 1709 agere
981 1624 1140 1709 coepisse,

128 1715 239 1799 itaque
257 1711 421 1798 perfracto
441 1733 519 1777 saxo
539 1711 637 1776 sortis
656 1711 801 1797 erupisse
819 1712 852 1776 in
867 1713 984 1778 robore
1000 1712 1140 1798 insculp-

128 1807 180 1868 tas
212 1805 394 1888 priscarum
424 1799 610 1865 litterarum
641 1800 737 1865 notis.
787 1798 820 1864 Is
848 1805 900 1864 est
925 1799 1022 1865 hodie
1049 1801 1139 1866 locus

129 1895 261 1977 saeptus
284 1889 439 1976 religiose
461 1893 596 1975 propter
613 1886 701 1954 Iovis
724 1888 825 1973 pueri,
850 1888 905 1973 qui
922 1888 1047 1955 lactens
1066 1911 1139 1958 cum

128 1979 252 2044 Iunone
270 1976 434 2044 Fortunae
457 1977 492 2041 in
510 1976 635 2064 gremio
655 1977 769 2041 sedens
788 1999 964 2042 mammam
984 1977 1138 2062 adpetens

88 2087 116 2126 20
129 2067 310 2134 castissime
333 2066 452 2132 colitur
475 2087 495 2131 a
518 2065 686 2131 matribus.
726 2064 914 2150 Eodemque
935 2070 1082 2151 tempore
1104 2066 1140 2130 in
1157 2077 1191 2125 ee
1218 2115 1220 2121 .

129 2180 168 2223 eo
196 2157 281 2239 loeo,
309 2155 366 2220 ubi
391 2153 556 2220 Fortunae
582 2175 667 2220 nunc
695 2158 746 2219 est
773 2154 882 2238 aedes,
909 2155 974 2220 mel
1001 2176 1041 2218 ex
1068 2155 1141 2221 olea

129 2245 259 2310 fluxisse
277 2244 398 2327 dicunt,
415 2242 669 2329 haruspicesque
688 2242 807 2308 dixisse
826 2264 953 2307 summa
965 2242 1140 2308 nobilitate

129 2335 204 2399 illas
223 2333 322 2398 sortis
341 2332 478 2414 futuras,
502 2353 677 2415 eorumque
695 2331 786 2396 iussu
805 2353 844 2396 ex
861 2332 921 2396 illa
938 2331 1012 2397 olea
1029 2353 1139 2397 arcam

130 2445 200 2488 esse
222 2422 352 2504 factam,
376 2441 477 2504 eoque
500 2420 647 2485 conditas
671 2420 780 2504 sortis,
803 2441 885 2504 quae
907 2419 1003 2486 bodie
1025 2417 1141 2486 Fortu·

91 2530 116 2570 as
131 2533 191 2577 nae
215 2509 341 2576 monitu
363 2509 534 2574 tolluntur.
575 2506 659 2583 Quid
681 2508 783 2594 igitur
805 2508 913 2581 iubis
936 2510 1047 2593 potest
1069 2529 1140 2574 esse

130 2598 224 2682 certi,
256 2619 338 2682 quae
365 2594 529 2662 Fortunae
561 2595 688 2661 monitu
718 2596 811 2682 pueri
838 2618 936 2662 manu
963 2596 1140 2661 miscentur

130 2691 229 2770 atque
252 2685 433 2750 ducuntur?
456 2705 520 2769 quo
539 2684 636 2750 modo
655 2687 764 2749 autem
782 2685 865 2750 istae
883 2685 1010 2770 positae
1028 2685 1062 2749 in
1080 2685 1138 2750 1110

131 2774 225 2840 loco?
262 2772 334 2858 quis
370 2773 471 2839 robur
503 2771 585 2837 illud
616 2772 745 2854 cecidit,
782 2773 919 2857 dolavit,
951 2772 1139 2858 inscripsit?

130 2861 223 2928 Nihil
242 2865 302 2944 est,
319 2861 480 2945 inquiunt,
499 2860 585 2944 quod
603 2861 681 2925 deus
700 2860 826 2926 efficere
844 2882 911 2926 non
923 2861 1037 2945 possit.
1069 2859 1139 2926 Uti·

90 2969 117 3009 10
130 2973 208 3017 nam
231 2949 386 3035 sapientis
406 2946 532 3014 Stoicos
556 2947 723 3033 effecisset,
745 2972 786 3014 nc
809 2949 918 3015 omnia
938 2970 1012 3014 cum
1030 2971 1139 3034 super·

131 3040 262 3106 stitiosa
293 3037 510 3104 sollicitudine
543 3042 576 3102 11
607 3037 738 3103 miseria
768 3038 949 3103 crederent!
985 3034 1049 3102 Sed
1076 3037 1139 3103 hoc

131 3128 260 3213 quidem
279 3147 380 3213 genus
399 3124 609 3191 divinationis
626 3126 697 3191 vita
709 3126 775 3192 iam
791 3125 971 3192 communis
986 3124 1139 3211 explosit,

130 3217 199 3282 fani
212 3213 419 3302 pulchritudo
434 3217 468 3280 et
480 3217 628 3280 vetustas
642 3213 927 3280 Praenestinarum
941 3213 1041 3279 etiam
1053 3236 1139 3280 nuno

131 3306 250 3370 retinet
273 3302 410 3370 sortium
428 3324 556 3387 nomen,
578 3306 676 3387 atque
694 3302 728 3367 id
745 3303 780 3367 in
798 3303 923 3389 volgus.
955 3299 1034 3378 Quis
1053 3302 1139 3367 enim
1157 3312 1190 3362 87

91 3410 117 3451 ³⁵
132 3393 344 3479 magistratus
377 3394 434 3456 aut
466 3391 538 3476 quis
569 3390 621 3457 vir
646 3391 816 3457 inlustrior
842 3391 946 3457 utitur
973 3390 1138 3457 sortibus?

131 3482 247 3548 ceteris
275 3502 352 3546 vero
378 3480 414 3544 in
440 3479 520 3545 locis
549 3483 652 3544 sortes
679 3480 775 3564 plane
797 3479 1001 3545 refrixerunt.
1047 3476 1140 3554 Quod
1166 3515 1168 3521 ·

132 3568 329 3636 Carneadem
357 3566 580 3635 Clitomachus
612 3567 726 3633 scribit
755 3567 860 3633 dicere
888 3567 1035 3652 solitum,
1065 3587 1139 3631 nus·

873 3669 925 3725 15*
