2630 3904
153 208 176 273 4
460 202 511 259 on
529 203 681 261 risuum
698 202 854 260 osonum

153 346 200 416 sit,
218 346 298 403 nulle
315 349 410 403 autem
427 345 488 403 siue
502 345 613 402 actione
626 345 725 412 virtus,
743 361 778 400 ne
793 344 860 401 deos
874 344 988 414 quidem
1006 345 1073 401 illos
1092 347 1171 403 otio·

153 434 200 501 sos
217 417 317 473 beatos
335 433 395 473 esse
408 432 500 487 posse,
519 432 589 486 quos
601 431 692 497 neque
711 416 858 486 voluptate
872 416 997 487 corporis
1010 415 1055 472 uti
1071 433 1170 498 possa,

152 485 955 640 tthttlhillffilthtsthsdh
973 486 1170 640 &altini

153 646 250 701 posse,
267 631 379 687 etcum
401 645 511 699 semper
527 628 675 699 pulsentur
692 643 850 684 mcnrsmne
873 630 1031 684 atomorum
1048 630 1079 684 et
1095 645 1169 685 rma·

153 698 1168 843 dtatldlchlhtldtdhdlttdimitte

154 850 228 899 -41
252 842 454 910 §lot-114).
491 839 629 904 Quoniam
651 841 746 895 autem
768 839 875 896 otiosos
893 839 961 895 deos
984 839 1170 897 introducant

153 910 286 984 Epicurei
306 912 415 968 nullam
437 926 528 969 rerum
552 911 736 965 humanarum
754 926 849 965 curam
865 909 1014 978 habentes,
1031 911 1105 967 nihil
1123 913 1168 967 iu·

153 986 253 1040 santes
276 981 418 1049 homines,
441 997 552 1036 omnem
569 981 750 1036 sanctitatem
769 980 884 1037 deorum
902 983 932 1036 et
953 981 1098 1039 hominum
1115 983 1168 1037 ad-

153 1070 251 1111 versus
269 1069 318 1109 eos
339 1052 488 1124 pietatem,
512 1068 680 1122 quamquam
701 1051 794 1107 serbis
812 1051 857 1109 illi
878 1054 998 1124 ponant,
1021 1070 1052 1111 re
1068 1055 1168 1109 tamen

127 1181 132 1191 ,
153 1124 256 1183 tollere
273 1127 345 1197 (cap.
363 1131 471 1180 41-44
488 1129 504 1191 θ
524 1126 682 1193 lle-124).

122 1385 141 1448 Ῑ
223 1408 306 1476 (lum
333 1409 456 1475 multae
482 1408 593 1474 resin
619 1408 828 1495 philosophia
855 1429 1061 1496 nequequam
1084 1410 1166 1475 satis

121 1462 261 1565 ladhuc
289 1498 468 1585 explicatae
497 1498 575 1581 sint,
605 1501 677 1563 tum
699 1497 913 1585 perdifficilis,
940 1496 1055 1583 Brute,
1079 1498 1165 1584 quod

155 1591 193 1654 tu
215 1587 347 1653 minime
370 1586 513 1674 ignoras,
536 1588 570 1652 et
591 1585 789 1673 perobscura
805 1586 952 1672 quaestio
976 1590 1026 1652 est
1048 1586 1088 1652 de
1109 1609 1167 1653 na·

155 1680 231 1742 tura
258 1676 405 1760 deorum,
432 1697 514 1760 quae
541 1678 574 1740 et
601 1674 642 1740 ad
665 1674 866 1761 agnitionem
888 1675 989 1741 auimi
1015 1673 1166 1761 pulcher·

156 1765 240 1829 rima
271 1767 321 1829 est
353 1766 386 1829 et
417 1763 459 1829 ad
490 1762 720 1829 moderandam
751 1763 943 1850 religionem
974 1763 1194 1829 necessarias

156 1852 206 1919 De
226 1856 377 1938 quatem
395 1852 505 1918 variae
523 1854 600 1917 sunt
618 1851 878 1917 doctissimorum
896 1851 1065 1918 hominum
1083 1855 1166 1918 tam·

179 1963 220 2007 ue
238 1940 458 2028 discrepantes
478 1939 667 2024 sententiae,
689 1943 727 2004 ut
744 1960 864 2027 magno
883 1944 1075 2027 argumento
1095 1963 1166 2007 esse

157 1963 275 2095 debeat
289 2049 420 2097 eausam
435 2032 468 2093 et
485 2027 680 2113 principium
697 2027 924 2115 philosophiae
942 2051 1013 2095 esse
1030 2029 1165 2095 inscien-

156 2118 252 2202 tiam,
279 2117 518 2204 prudenterque
541 2115 751 2183 Academicos
780 2117 922 2183 erebus
948 2118 1081 2184 incertis
1111 2117 1165 2183 ad·

157 2207 340 2273 sensionem
367 2204 560 2271 cohibuisse.
596 2202 680 2281 Quid
702 2209 753 2270 est
775 2206 861 2271 enim
890 2206 1075 2271 temeritate
1098 2209 1165 2272 tur·
1179 2227 1205 2268 ro

156 2295 252 2383 pius?
275 2298 333 2360 aut
357 2292 434 2379 quid
456 2297 525 2359 tam
543 2293 751 2360 temerarium
773 2298 906 2379 tamque
928 2294 1097 2381 indignum
1116 2317 1166 2361 sa·

156 2383 277 2470 pientio
305 2382 469 2470 gravitate
496 2384 594 2466 atque
621 2383 805 2449 constantia
832 2405 929 2468 quam
959 2387 1016 2449 aut
1043 2383 1165 2450 falsum

158 2471 278 2537 sentire
308 2474 379 2554 aut,
407 2470 493 2555 quod
518 2470 688 2536 nonsatis
716 2472 883 2555 explorate
909 2475 1098 2558 perceptum
1120 2473 1165 2538 sit

121 2564 191 2626 aet
217 2559 398 2647 cognitum,
426 2557 495 2624 sine
517 2559 587 2624 ulla
609 2558 811 2625 dubitatione
839 2559 1029 2626 defendere?
1064 2559 1165 2627 Velut

157 2648 192 2715 in
214 2648 277 2714 hae
300 2647 488 2733 quaestione
509 2646 669 2735 plerique,
693 2648 779 2733 quod
805 2647 944 2714 maxime
967 2648 1202 2716 verisimilem

157 2741 221 2821 est,
254 2740 287 2802 et
314 2758 378 2822 quo
410 2758 521 2803 omnes
549 2737 627 2803 duce
658 2741 777 2802 natura
802 2734 963 2821 venimus,
990 2737 1067 2804 deos
1094 2759 1165 2805 esse

157 2825 320 2908 dixerunt,
345 2824 493 2891 dubitare
515 2846 550 2891 se
571 2824 785 2911 Protagoras,
807 2825 915 2890 nullos
940 2847 1010 2892 esse
1032 2826 1164 2894 omnino

156 2912 319 3000 Diagoras
341 2911 459 2979 Melius
482 2916 515 2978 et
537 2912 725 2978 Theodorus
742 2910 936 2997 Cyrenaicus
958 2917 1164 3000 putaverunt.

157 2999 221 3078 Qui
242 3023 319 3068 vero
344 3001 420 3068 deos
444 3023 514 3067 esse
537 3001 699 3086 dixerunt,
725 3004 819 3068 tanta
846 3006 923 3068 sunt
948 3002 984 3069 in
1006 3003 1163 3070 varietate

157 3094 191 3156 et
224 3088 437 3174 dissensione,
468 3092 506 3156 ut
536 3110 648 3155 eorum
680 3089 855 3156 molestum
886 3090 931 3155 sit
962 3089 1163 3159 dinumerare
1177 3111 1201 3152 2⁰

157 3177 346 3244 sententies.
377 3177 465 3244 Nam
488 3180 521 3244 et
543 3176 582 3242 de
604 3177 718 3265 figuris
741 3177 875 3244 deorum
897 3183 931 3245 et
953 3179 992 3245 de
1014 3180 1094 3246 loeis
1118 3185 1164 3246 at

157 3288 220 3352 que
249 3267 379 3333 sedibus
409 3271 443 3331 et
471 3266 598 3332 actione
627 3266 714 3332 vitae
741 3267 847 3332 multa
874 3267 1036 3353 dicuntur,
1064 3269 1164 3355 deque

156 3354 210 3422 his
233 3378 361 3422 summa
382 3353 652 3439 philosophorum
675 3355 873 3422 dissensione
895 3361 1052 3442 certatur,
1080 3359 1163 3443 quod

156 3467 234 3511 vero
266 3442 405 3510 maxime
436 3463 506 3507 rem
537 3463 731 3529 causamque
763 3445 921 3529 continet,
947 3448 1056 3511 utrum
1082 3446 1163 3512 nihil

103 3598 104 3603 ,
157 3535 268 3619 agant,
289 3529 373 3595 nihil
396 3529 582 3615 moliantur,
605 3532 694 3597 omni
716 3532 882 3599 curatione
905 3535 939 3598 et
961 3533 1199 3603 administra-a
1303 3578 1304 3581 =
