2654 3912
172 176 239 239 400
565 175 614 230 DE
633 175 789 231 LEGIBUS

73 359 78 367 ,
171 319 307 404 licitum,
330 319 360 384 si
380 325 494 406 posset
515 320 601 403 inter
623 341 679 386 cos
702 319 826 404 aliquid
850 319 1031 396 convenire.
1063 320 1112 385 Μ.
1135 319 1194 387 Io·

172 407 281 473 culare
316 407 401 473 istuc
433 409 576 492 quidem,
611 406 785 494 Pomponi,
822 411 856 474 55
888 431 909 474 5
940 406 1056 475 multis
1089 429 1193 493 saepe

173 496 328 598 derisum3
360 496 416 562 sed
448 518 508 583 ego
540 497 638 582 plane
669 497 788 562 vellem
820 518 872 562 mc
905 496 1068 566 arbitrum
1099 497 1193 560 inter

175 578 346 670 antiquam
368 585 579 651 Academiam
606 588 640 650 55
625 583 824 651 5Ζ55555ι5
851 585 972 650 datum.
1016 585 1092 652 Arr.
1115 583 1192 660 Quo

173 673 306 741 tandem
327 673 413 740 istuc
436 673 555 755 modo?
590 674 638 739 M
661 671 745 749 Quia
768 673 807 739 de
829 695 865 739 re
885 696 951 740 una
969 673 1076 741 solum
1093 672 1191 738 dissi·
1220 693 1237 735 5

174 763 259 846 dent,
282 762 321 827 de
339 750 455 828 ceteris
474 761 608 828 mirifice
626 766 819 848 congruunt.
850 764 927 829 Arr.
946 761 1012 827 Ain
1029 761 1189 828 tandem?

122 864 156 915 54
174 873 279 916 unane
303 855 353 916 est
375 851 482 916 solum
505 850 684 917 dissensio?
720 851 770 917 M.
793 848 882 927 Quae
906 850 1036 935 quidem
1054 850 1096 919 ed
1114 872 1189 916 rem

174 940 350 1024 pertineat,
376 940 458 1023 una,
478 939 596 1024 quippe
620 960 718 1024 quom
741 939 868 1024 antiqui
891 960 1000 1022 omne,
1028 938 1115 1025 quod
1137 960 1189 1004 55·

174 1027 314 1093 cundum
335 1031 487 1094 naturam
505 1030 600 1112 55555,
623 1048 687 1112 quo
705 1027 891 1094 iuraremur
908 1027 944 1092 in
961 1028 1040 1111 vita,
1062 1028 1188 1093 bonum

175 1138 245 1181 esse
268 1115 482 1200 decreverint,
503 1114 558 1183 hic
579 1116 673 1195 51511,
695 1115 760 1181 5151
782 1116 869 1202 quod
890 1114 1066 1182 honestum
1088 1120 1189 1200 esset,
1203 1136 1238 1183 rc.

175 1204 300 1290 putarit
326 1205 457 1270 bonnm.
494 1206 571 1273 Arr.
592 1202 733 1270 Petram
760 1226 837 1271 vero
861 1204 1117 1271 controversiam
1139 1204 1189 1269 di-

175 1293 231 1377 cis,
254 1298 289 1359 at
311 1315 377 1359 non
400 1315 481 1377 eam,
503 1315 586 1378 qnae
609 1292 742 1358 dirimat
764 1293 887 1358 omnia!
922 1294 972 1360 Μ.
992 1290 1098 1367 Probe
1117 1293 1189 1377 qni·

123 1387 163 1451 21
176 1383 249 1449 dem
276 1382 427 1465 sentires,
454 1381 483 1447 51
509 1404 546 1449 55
572 1404 610 1449 55
636 1403 703 1447 555
729 1381 838 1448 verbis
866 1380 1069 1449 dissiderent.
1109 1383 1188 1449 Ara

176 1471 266 1558 Ergo
296 1470 470 1537 adsentiris
497 1470 675 1554 Antiocho,
705 1469 863 1537 familiari
894 1491 981 1556 meo,
1009 1467 1188 1556 (magistro

177 1560 263 1625 enim
291 1582 358 1626 non
384 1559 486 1626 audeo
510 1557 628 1644 dicere)
652 1580 791 1644 quocum
818 1558 898 1642 vixi,
925 1561 959 1624 55
988 1558 1044 1645 qui
1071 1580 1123 1623 me
1146 1579 1188 1625 ex
1201 1577 1231 1619 rs

176 1648 299 1714 nostris
321 1670 424 1733 paene
446 1648 601 1714 convellit
623 1647 765 1725 hortulis
789 1647 984 1732 deduxitque
1007 1646 1042 1714 in
1064 1645 1188 1712 Acade·

178 1738 277 1802 miam
300 1736 505 1822 perpauculis
528 1735 688 1822 passibus.
723 1736 772 1801 Μ
790 1734 851 1800 Vir
873 1735 936 1801 iste
958 1734 1022 1802 fuit
1044 1734 1102 1801 ille
1119 1737 1188 1818 qui

177 1828 244 1892 dem
275 1825 416 1911 prudens
448 1829 482 1891 et
513 1829 628 1890 acutus
659 1824 733 1890 et
724 1846 759 1888 m
790 1845 849 1890 555
879 1844 997 1910 genere
1023 1823 1187 1925 perfectus

178 1915 330 2016 mihique,
351 1918 390 1979 ut
412 1913 485 1998 scis,
506 1913 693 1996 familiaris,
715 1913 792 1997 quoi
812 1916 924 1979 tamen
942 1932 1004 1999 ego
1022 1912 1187 1979 adsentiar

178 2005 212 2068 in
238 2002 388 2068 omnibus
410 2023 523 2084 necne,
551 2024 626 2067 mox
648 2001 774 2086 videro;
804 1998 867 2067 hoc
890 2001 975 2084 dico,
1002 2005 1231 2066 controverso

126 2106 157 2155 55
179 2092 260 2157 siam
287 2095 323 2156 5
324 2093 394 2155 tarn
420 2052 523 2166 155551
547 2111 642 2174 posse
671 2089 785 2155 sedari
826 2090 903 2156 Arr
926 2087 1020 2165 Qui
1009 2111 1039 2154 rs
1040 2093 1095 2159 tuo
1040 2091 1187 2154 5·555

179 2181 251 2245 dem
273 2179 384 2244 vides?
421 2179 469 2243 M
492 2177 584 2260 Quia,
607 2178 645 2260 51,
666 2181 704 2242 55
689 2176 823 2244 Cthius
842 2177 955 2242 Aristo
979 2177 1061 2242 dixit
1078 2177 1186 2245 solum

179 2270 299 2334 bonum
327 2288 411 2351 esso,
437 2267 524 2352 qnod
550 2265 723 2333 honestum
747 2271 846 2349 esset,
874 2266 1073 2350 malumque,
1098 2265 1187 2351 quod

177 2362 286 2441 turpe,
309 2359 433 2421 ceteras
456 2377 508 2420 res
533 2354 638 2420 omnis
660 2355 758 2440 plane
780 2355 869 2439 paris
892 2375 931 2421 ac
952 2376 993 2420 ne
1016 2355 1187 2420 minimum

179 2445 321 2532 quidem,
343 2448 381 2510 ut
382 2467 454 2508 rum
477 2444 628 2509 adessent
651 2465 693 2508 55
716 2443 912 2527 abessent,
902 2446 952 2507 mt
954 2465 1068 2527 cresse,
1090 2442 1228 2511 55151555

179 2533 401 2601 aXenocrate
429 2536 462 2598 et
485 2532 578 2598 Arist
579 2532 721 2598 otelet
687 2536 721 2597 et
743 2532 784 2597 ab
807 2532 867 2597 ille
888 2531 1037 2597 Platonis
1059 2494 1186 2604 'familia

178 2623 376 2708 discreparet
408 2626 557 2707 essetque
589 2621 675 2686 inter
706 2643 761 2687 eos
788 2620 828 2686 de
854 2643 890 2686 re
917 2621 1060 2687 maxima
1086 2624 1120 2685 55
1148 2620 1186 2686 de

179 2713 267 2778 omni
290 2711 418 2777 vivendi
441 2711 568 2776 ratione
590 2709 762 2794 dissensio,
788 2731 873 2775 nunc
894 2729 985 2791 vero,
1013 2730 1112 2793 quom
1133 2708 1186 2774 de·

179 2823 248 2884 cus,
272 2800 358 2885 quod
381 2799 507 2884 antiqui
530 2821 692 2865 summum
714 2799 836 2864 bonum
860 2819 930 2863 csse
953 2796 1111 2880 dixerant,
1133 2796 1186 2864 hic

179 2890 285 2955 solum
317 2889 438 2954 bonnm
470 2888 569 2972 dicat,
600 2888 743 2972 itemque
774 2886 909 2953 dedecus
941 2885 992 2950 illi
1024 2906 1185 2951 summum
1198 2903 1226 2944 ec

179 2979 314 3061 malum,
345 2976 400 3043 hic
427 2977 544 3061 solum,
577 2976 723 3058 divitias,
748 2973 981 3058 valetudinem,
1008 2974 1187 3060 pulchritu-

179 3066 286 3130 dinem
313 3065 499 3131 commodas
525 3086 578 3130 res
602 3064 758 3149 appellet,
784 3085 851 3129 non
872 3064 988 3146 bonas,
1016 3066 1186 3148 pauperta-

179 3158 259 3236 tem,
291 3153 507 3237 debilitatem,
539 3152 683 3221 dolorem
715 3151 949 3235 incommodas,
980 3173 1047 3217 non
1073 3151 1186 3236 malas,

180 3242 280 3307 sentit
299 3241 394 3325 idem,
417 3241 503 3327 quod
520 3240 728 3324 Xenocrates,
751 3240 838 3324 quod
855 3240 1061 3323 Aristoteles,
1084 3239 1186 3323 loqui·

179 3335 233 3394 tur
260 3328 325 3395 alio
353 3329 449 3394 modo
502 3329 553 3396 Ex
580 3328 642 3395 hac
669 3332 779 3397 autern
801 3350 867 3402 non
889 3349 1010 3410 rerum,
1036 3328 1095 3400 sed
1119 3349 1185 3392 ver·
1198 3344 1224 3384 55

180 3419 295 3483 borum
324 3416 483 3483 discordia
509 3417 730 3483 controversia
757 3420 808 3481 555
829 3420 909 3481 nata
929 3415 970 3481 de
992 3416 1125 3499 finibus,
1152 3416 1186 3480 in

184 3527 258 3590 qua,
288 3504 442 3587 qnoniam
464 3526 541 3571 5555
564 3505 732 3590 cepionem
755 3503 923 3572 duodecim
944 3503 1076 3571 tabulae
1098 3504 1185 3568 intra
