2652 3908
169 191 213 257 52
478 189 528 246 DE
546 190 698 247 NATURA
715 190 870 246 DEORUM

168 336 315 421 nuntiae,
336 339 408 403 tum
431 335 501 401 sola
523 334 703 423 geminato,
727 334 822 421 quod,
844 338 882 402 ut
904 339 1040 421 epatre
1064 336 1186 423 audivi,
1311 408 1312 451 ,

169 423 331 492 'Ihditano
354 427 388 490 et
410 423 543 510 Aquilio
567 424 754 491 consulibus
777 426 938 509 evenerat,
962 446 1028 511 quo
1052 425 1187 510 quidem
1311 462 1312 525 q

169 534 255 580 anno
276 513 313 579 P.
335 512 509 579 Africanus
532 513 583 580 sol
606 512 691 579 alter
713 512 875 579 extinctus
898 515 962 598 est,
991 514 1110 598 quibus
1134 535 1188 580 ex·
1311 528 1312 561 ³

168 601 278 669 territi
303 601 452 668 homines
480 601 548 667 vim
572 600 735 686 quandam
757 622 828 667 esse
850 601 1025 668 caelestem
1047 606 1082 669 et
1105 602 1188 668 divi·
1311 612 1312 621 ²

120 708 151 760 ro
168 712 246 757 nam
264 689 422 777 suspicati
440 691 530 774 eunt3
552 693 704 774 quartam
723 710 854 756 caueam
872 711 952 774 esse,
976 711 1113 776 eamque
1131 691 1187 757 vel
1215 709 1229 752 s

169 779 355 864 maximam,
369 777 636 863 aequabilitatem
650 780 759 844 motus
772 777 1079 863 conversionumque
1092 780 1188 864 caeli,

170 865 264 954 eolis,
286 868 383 934 lunae
406 866 611 951 siderumque
634 866 780 932 omnium
802 866 1059 953 distinctionem,
1081 869 1189 934 varie·

169 960 283 1041 tatem,
295 954 579 1041 pulchritudinem,
593 954 748 1040 ordinem,
762 976 901 1041 quarum
912 977 1023 1022 rerum
1033 960 1188 1042 aspectus

113 1072 117 1105 1
169 1045 241 1131 ipse
263 1044 345 1109 satis
367 1042 526 1109 indicaret
546 1063 614 1109 non
636 1064 707 1109 esse
730 1064 769 1109 ea
790 1043 936 1110 fortuita.
979 1042 1036 1130 Ut,
1058 1044 1088 1110 si
1111 1045 1187 1130 quis
1312 1036 1313 1059 ¹

169 1134 205 1198 in
232 1132 363 1199 domum
391 1131 536 1217 aliquam
562 1134 621 1197 aut
646 1131 681 1203 in
708 1132 915 1219 gymnasium
937 1135 995 1198 aut
1016 1132 1052 1197 in
1073 1132 1229 1199 forum1⁰

170 1220 306 1306 venerit,
328 1242 401 1287 cum
422 1219 533 1297 videat
555 1220 699 1285 omnium
719 1241 830 1286 rerum
847 1220 1019 1306 rationem,
1042 1222 1188 1307 modum,

171 1309 389 1396 disciplinam,
420 1330 487 1374 non
513 1308 621 1394 possit
646 1329 686 1374 ea
712 1307 781 1375 sine
809 1330 907 1376 causa
935 1309 1007 1376 fieri
1032 1309 1188 1395 iudicare,

171 1399 321 1465 sedasse
344 1397 485 1483 aliquam
507 1396 694 1483 intellegat,
717 1396 773 1481 qui
794 1397 919 1483 praesit
942 1401 976 1464 et
997 1398 1050 1464 cui
1072 1420 1187 1485 parea-

170 1492 234 1572 tur,
256 1487 362 1553 multo
384 1486 491 1572 magis
513 1485 669 1550 intentis
687 1484 887 1551 motionibus
906 1486 1073 1572 tantisque
1089 1487 1186 1553 vicis-

172 1576 377 1661 situdinibus,
399 1577 469 1640 tam
491 1574 670 1640 multarum
692 1595 801 1639 rerum
824 1579 922 1660 atque
944 1577 1112 1641 tantarum
1135 1598 1187 1642 or·
1202 1595 1228 1636 1⁵

173 1664 316 1750 dinibus,
343 1664 379 1730 in
405 1663 523 1750 quibua
545 1662 629 1729 nihil
652 1684 808 1748 umquam
830 1662 979 1730 inmensa
1001 1667 1035 1730 et
1056 1663 1188 1729 infinita

171 1757 320 1821 uetustas
352 1753 491 1818 mentita
517 1751 576 1838 eit,
607 1754 735 1817 statuat
762 1773 893 1817 necesse
922 1756 975 1818 est
1003 1752 1045 1817 ab
1073 1752 1187 1839 aliqua
1314 1808 1315 1825 ,

121 1818 153 1945 ,2
173 1846 282 1908 mente
309 1844 420 1908 tantos
447 1844 585 1907 naturae
611 1843 721 1905 motus
748 1839 931 1926 gubernari
981 1838 1185 1928 Chrysippus

173 1931 318 2018 quidem,
348 1950 545 2017 quamquam
575 1931 626 1994 est
655 1929 811 1995 acerrimo
838 1927 983 2015 ingenio,
1012 1934 1123 1996 tamen
1147 1951 1187 1996 ea

172 2019 264 2106 dicit,
286 2023 324 2085 ut
347 2019 389 2083 ab
412 2018 486 2104 ipsa
507 2021 626 2082 natura
648 2015 811 2101 didicisse,
832 2038 900 2083 non
921 2022 959 2083 ut
980 2017 1051 2103 ipse
1072 2040 1186 2104 ruppe
1200 2037 1229 2078 so

171 2108 253 2175 risse
279 2107 437 2174 videatur.
482 2102 538 2170 ‘si
565 2104 692 2189 enim',
718 2105 838 2190 inquit,
866 2105 945 2170 ‘est
972 2105 1123 2192 aliquid
1145 2107 1185 2172 in
1315 2170 1316 2175 ,

171 2219 299 2263 rerum
319 2199 473 2278 natura,
497 2193 597 2279 quod
618 2193 787 2260 hominis
805 2214 923 2278 mens,
947 2195 1047 2280 quod
1065 2195 1185 2279 ratio,

173 2283 273 2372 quod
300 2284 374 2368 vie,
403 2281 503 2368 quod
529 2285 708 2369 potestas
735 2281 901 2350 humana
923 2282 1088 2351 efficere
1110 2305 1185 2351 non

171 2373 312 2460 possit,
335 2375 394 2438 est
416 2374 521 2438 certe
543 2370 594 2457 id,
617 2371 717 2456 quod
739 2370 840 2437 illud
862 2370 1007 2457 efficit,
1029 2370 1184 2438 homine

172 2461 324 2546 melius3
347 2460 457 2545 atqui
474 2480 534 2526 res
553 2460 746 2526 caelestes
765 2481 971 2545 omnesque
989 2481 1068 2544 eae,
1092 2479 1224 2545 qua-2⁵

172 2573 254 2617 rum
280 2553 340 2616 est
367 2548 459 2615 ordo
487 2547 762 2635 sempiternus,
789 2548 840 2614 ab
862 2548 1015 2614 homine
1038 2548 1185 2617 confici

171 2661 246 2707 non
276 2642 455 2726 possunt3
486 2639 546 2703 eet
573 2636 697 2725 igitur
727 2636 780 2723 id,
811 2658 833 2702 a
861 2658 932 2722 quo
959 2636 1035 2703 illa
1061 2636 1184 2704 confi·

171 2727 341 2813 ciuntur,
363 2725 519 2793 homine
541 2725 690 2791 melius.
725 2724 768 2789 Id
791 2728 920 2791 autem
943 2725 1034 2810 quid
1050 2726 1183 2812 potius

118 2841 121 2847 ·
173 2816 318 2883 dixeris
348 2837 458 2902 quam
488 2813 618 2881 deum?
662 2812 817 2879 Etenim
847 2814 879 2878 si
910 2813 947 2878 di
974 2835 1052 2880 uon
1078 2819 1183 2900 sunt,

173 2904 264 2990 quid
291 2925 376 2970 esse
401 2905 534 2991 potest
556 2902 743 2968 interum
765 2906 910 2968 natura
931 2902 1086 2968 homine
1109 2925 1182 2969 me·
1197 2919 1223 2962 eo

173 2993 271 3059 lius?
300 2992 339 3058 in
366 3013 409 3058 eo
437 2991 537 3057 enim
559 2991 645 3057 solo
668 2996 728 3056 est
749 2991 869 3077 ratio,
885 3015 957 3072 qua
979 2992 1080 3058 nihil
1102 2994 1185 3070 pot·

175 3091 234 3147 est
275 3102 359 3147 esee
381 3079 664 3167 praestantius.
709 3079 806 3146 Esse
828 3083 956 3146 autem
978 3079 1184 3163 hominem,

174 3170 238 3258 qui
266 3168 368 3236 nihil
394 3169 434 3236 in
457 3168 558 3237 omni
580 3167 718 3235 mundo
741 3168 879 3234 melius
903 3189 987 3234 esse
1011 3190 1122 3254 quam
1145 3190 1185 3234 se

171 3263 297 3347 putet,
333 3257 565 3344 desipientis
597 3255 853 3344 adrogantiae
889 3260 962 3342 est3
1001 3278 1093 3343 ergo
1126 3261 1185 3323 est

122 3361 153 3411 17
172 3345 324 3434 aliquid
350 3347 502 3432 melius3
530 3349 589 3411 est
616 3345 742 3433 igitur
795 3343 946 3413 refecto
970 3344 1085 3411 deus?
1130 3344 1222 3411 Anu

172 3457 263 3525 vero,
293 3433 324 3502 si
350 3434 483 3502 domum
509 3454 664 3521 magnam
690 3434 767 3520 pulc
808 3455 924 3518 amque
951 3433 1086 3520 videris,
1118 3455 1185 3501 non

172 3525 280 3612 possis
302 3524 426 3610 adduci,
448 3526 495 3610 ut,
509 3522 649 3588 'etiamsi
672 3522 838 3588 dominum
860 3543 927 3589 non
944 3521 1064 3608 videas,
1087 3521 1184 3588 muri·
