2652 3920
197 155 262 221 208
547 155 596 210 DE
614 153 858 212 DIVINATIONE

197 302 293 387 gunt3
321 322 398 366 nam
425 304 459 365 et
485 301 706 366 musculorum
732 299 895 366 iecuscula
918 299 1035 367 bruma
1058 300 1212 368 dicuntur
1311 338 1312 343 ι

197 387 383 543 suu
396 388 696 543 {illudi}
709 387 1129 543 fltltffillhlthl⁸⁰
1147 389 1211 544 fle
1311 434 1312 483 ι

196 497 231 631 dn
253 565 295 631 iis
318 565 432 631 mediis
456 501 582 632 iidolusa
604 565 680 650 sint,
696 527 738 630 7in
759 563 941 630 contrarias
961 500 1211 651 partismdeqver·
1311 632 1312 643 ,

196 657 275 737 tere,
297 653 368 721 iam
386 675 504 720 nervos
525 655 561 720 in
582 654 700 719 fidibus
724 652 798 718 aliis
821 652 925 739 pulsis
943 675 1097 721 resonare
1116 655 1210 741 alios,
1237 674 1253 715 e

197 743 378 827 ostreisque
406 747 439 809 et
465 742 644 827 conchyliis
671 741 822 808 omnibus
844 740 1047 828 contingere,
1075 747 1113 808 ut
1134 765 1210 811 curn
1311 816 1312 823 p

64 876 69 879 -
198 832 276 897 luna
294 832 418 917 pariter
435 834 583 898 crescant
595 830 782 917 pariterque
797 829 993 915 decrescant,
1011 832 1211 918 arboresque
1311 836 1312 919 l

197 923 235 986 ut
257 919 392 987 hiemali
414 923 562 1006 tempore
584 942 657 985 cum
681 920 759 984 luna
781 918 879 985 simul
902 924 1102 1006 senescente,
1133 921 1210 1006 quia
1311 928 1312 989 f

146 1023 179 1073 se
198 1011 270 1073 tum
293 1008 473 1075 exsiccatae
496 1008 571 1093 sint,
593 1007 787 1094 tempestiue
809 1005 899 1074 caedi
921 1011 1086 1093 putentur.
1125 1007 1211 1085 Quid

199 1097 239 1161 de
264 1095 359 1163 fretis
387 1101 444 1163 aut
467 1096 505 1163 de
528 1096 662 1163 marinis
686 1096 830 1163 aestibus
852 1095 949 1181 plura
971 1095 1099 1164 dicam?
1130 1119 1210 1182 quo
1224 1117 1251 1157 ro

199 1206 272 1250 rum
303 1206 450 1253 accessus
483 1192 517 1251 et
547 1207 692 1252 recessus
725 1184 822 1251 lunae
852 1188 945 1250 motu
976 1185 1209 1272 gubernantur.

199 1274 353 1340 Sescenta
382 1273 459 1341 licet
486 1274 629 1340 eiusdem
656 1273 745 1340 modi
771 1272 924 1360 proferri,
953 1277 991 1338 ut
1018 1273 1207 1340 distantium

198 1359 1210 1519 {ffllr{³l{⁰hzhlzttssldlslimechllll

200 1560 272 1605 sum
295 1476 573 1607 cuiusdampmodi
594 1539 695 1605 fuerit
716 1538 751 1604 in
772 1498 891 1624 iecdre,
920 1537 1046 1605 lucrum
1070 1503 1209 1606 dstendi·
1223 1561 1250 1602 ιι

198 1630 274 1694 tur?
307 1650 371 1713 qua
398 1651 438 1695 ex
464 1628 689 1696 coniunctione
715 1632 852 1694 naturae
880 1631 913 1693 et
936 1627 1029 1711 quasi
1052 1634 1210 1696 concentu

198 1720 297 1802 atque
324 1738 496 1802 consensu,
524 1738 622 1802 quam
650 1712 864 1800 συμπάθειαν
888 1714 1004 1783 Graeci
1031 1719 1209 1805 appellant,

198 1805 370 1873 convenire
397 1808 507 1892 potest
534 1810 592 1872 aut
617 1807 731 1871 fissum
757 1804 873 1871 iecoris
897 1827 970 1871 cum
993 1804 1112 1874 lucello
1136 1829 1208 1874 meo
1286 1850 1289 1856 Δ

200 1901 257 1961 aut
279 1915 370 1961 meus
394 1894 613 1978 quaesticulus
637 1916 709 1960 cum
732 1893 832 1979 caelo,
855 1897 944 1961 terra
962 1916 1136 1981 rerumque
1153 1918 1209 1962 na·

151 1984 296 2049 15tura?
338 1980 521 2049 Concedam
552 1983 614 2049 hoc
645 1982 768 2067 ipsum,
804 1982 833 2048 si
863 1980 928 2069 vis,
960 1982 1023 2049 etsi
1054 2005 1209 2075 magnam
1222 2003 1250 2044 ao
1311 2000 1312 2021 ι

199 2073 359 2139 iacturam
386 2093 503 2138 causae
529 2070 649 2156 fecero,
677 2070 706 2136 si
732 2070 835 2138 ullam
859 2092 929 2137 esse
952 2072 1210 2140 convenientiam
1311 2112 1312 2117 ι

147 2175 180 2224 cs
200 2165 335 2228 naturae
358 2181 432 2227 cum
455 2160 538 2226 extis
561 2181 763 2245 concessero;
786 2160 844 2225 sed
865 2163 976 2225 tamen
998 2181 1036 2226 eo
1055 2183 1208 2229 concesso

201 2249 257 2336 qui
284 2248 405 2334 euenit,
434 2253 472 2316 ut
497 2248 540 2333 is,
569 2247 626 2332 qui
652 2247 820 2334 impetrire
842 2248 935 2333 velit,
964 2249 1209 2317 convenientem

200 2337 343 2405 hostiam
361 2339 459 2404 rebus
478 2337 546 2403 suis
563 2336 733 2403 immolet?
765 2335 837 2403 Hoc
855 2340 935 2422 erat,
958 2336 1044 2422 quod
1062 2358 1123 2425 ego
1142 2360 1210 2405 non

200 2427 296 2492 rebar
331 2448 428 2513 posse
458 2424 602 2492 dissolvi.
647 2425 694 2491 At
726 2447 824 2511 quam
854 2424 972 2492 festive
1004 2425 1207 2494 dissolvitur!
1223 2446 1250 2487 ai

200 2515 300 2602 pudet
322 2537 374 2581 me
395 2536 463 2581 non
484 2513 534 2579 tui
556 2513 695 2598 quidem,
717 2513 808 2580 cuius
827 2514 926 2580 etiam
945 2515 1136 2582 memoriam
1156 2516 1209 2583 ad·

200 2604 314 2689 miror,
343 2603 400 2668 sed
422 2600 609 2688 Chrysippi,
636 2601 819 2689 Antipatri,
840 2601 1021 2689 Posidonii,
1044 2604 1100 2690 qui
1121 2605 1208 2672 idem

199 2694 285 2760 istuc
303 2691 433 2778 quidem
451 2690 571 2776 dicunt,
594 2691 681 2776 quod
698 2695 749 2758 est
767 2691 889 2757 dictum
907 2712 927 2757 a
945 2695 987 2776 te,
1006 2691 1047 2757 ad
1065 2693 1207 2761 hostiam

200 2781 404 2870 deligendam
432 2779 546 2847 ducem
573 2801 643 2845 esse
669 2779 736 2846 vim
759 2779 921 2865 quandam
944 2780 1138 2848 sentientem
1161 2787 1208 2849 at

200 2893 262 2957 que
281 2869 434 2953 divinam,
457 2890 540 2954 quae
557 2872 630 2935 toto
649 2867 783 2934 confusa
800 2869 919 2936 mundo
939 2867 992 2933 sit.
1025 2867 1113 2936 Illud
1130 2893 1207 2938 vero
1222 2888 1251 2930 ao

200 2960 305 3025 multo
332 2958 432 3025 etiam
459 2957 589 3042 nehus,
617 2956 702 3041 quod
729 2960 765 3023 et
788 2960 864 3023 ate
885 2960 1078 3043 usurpatum
1101 2962 1152 3025 est
1175 2963 1209 3025 et

200 3048 318 3114 dicitur
345 3047 387 3112 ab
414 3046 496 3113 illis:
527 3066 601 3112 cum
627 3045 798 3111 immolare
825 3046 986 3132 quispiam
1013 3046 1107 3130 velit,
1137 3051 1207 3114 turn

199 3135 269 3202 fieri
299 3139 447 3202 extorum
477 3133 704 3220 mutationem,
733 3137 772 3200 ut
801 3139 858 3200 aut
885 3134 971 3201 absit
998 3134 1123 3221 aliquid
1151 3140 1208 3202 aut

147 3237 180 3287 sc
200 3224 355 3310 supersit3
387 3223 520 3290 deorum
551 3222 637 3289 enim
663 3222 788 3289 numini
814 3245 928 3309 parere
955 3223 1073 3291 omnia
1117 3223 1208 3291 Haec

199 3313 279 3396 iam,
301 3311 383 3379 mihi
404 3311 507 3396 crede,
528 3333 570 3378 ne
593 3309 738 3378 aniculae
762 3311 892 3396 quidem
914 3312 1113 3379 existimant.
1153 3314 1207 3381 An
1222 3331 1249 3375 as

199 3422 320 3485 censes,
342 3399 477 3466 eundem
500 3400 640 3467 vitulum
662 3399 692 3466 si
714 3399 798 3466 alius
821 3401 986 3488 delegerit,
1008 3401 1078 3468 sine
1100 3402 1208 3489 capita

199 3488 287 3555 iecur
303 3488 525 3573 inuenturum
547 3488 576 3556 si
594 3488 688 3573 alius,
706 3511 780 3555 cum
798 3488 926 3576 capite?
957 3488 1047 3556 Haec
1063 3490 1207 3558 decessio
