2654 3924
165 246 232 314 338
541 247 590 301 DE
609 247 658 303 RE
675 246 831 303 PUBLICA

166 393 220 457 lex
241 392 397 457 utilitatis
419 391 564 457 virorum
588 393 696 479 gratia
717 396 836 478 rogata
857 391 892 456 in
910 391 1062 456 mulieres
1080 390 1186 476 plena

167 485 218 545 est
239 480 384 546 iniuriae.
422 479 488 546 Our
511 481 597 546 enim
619 480 790 566 pecuniam
812 501 879 546 non
896 479 1018 545 habeat
1037 480 1185 545 mulier?

166 591 224 635 eur
245 568 367 655 virgini
384 567 513 634 Vestali
535 569 580 634 eit
602 570 705 653 heres,
728 591 795 633 non
818 569 862 633 sit
879 568 979 633 matri
998 568 1098 633 suae?
1122 589 1184 633 cur

168 660 291 743 autem,
314 658 343 723 si
365 657 519 743 pecuniae
542 657 657 723 modus
681 657 872 722 statuendus
893 656 958 721 fuit
979 655 1119 740 feminis,
1142 655 1183 722 P.

167 745 279 813 Crassi
299 746 369 811 filia
391 750 504 832 posset
525 746 659 831 habere,
687 746 716 810 si
738 747 833 812 unica
855 745 942 831 patri
966 748 1065 829 esset,
1092 745 1215 810 aerias

167 834 310 900 milliens
333 833 427 900 salve
448 834 531 921 lege,
554 856 627 900 mea
648 835 780 900 triciens
803 855 870 900 non
891 839 1018 919 posset.
1034 884 1041 898 .
1056 883 1086 898 ..

349 957 548 1040 [Desetlercre’
568 959 712 1024 videnter
727 959 866 1042 punicae
887 959 991 1039 decue]

116 1035 195 1161 ΕΡ.
216 1066 264 1146 13]
338 1063 582 1130 ...sanxisset
603 1063 676 1129 iura
696 1064 804 1147 nobis,
826 1067 860 1130 et
883 1084 995 1128 omnes
1017 1063 1122 1129 isdem
1145 1067 1184 1128 et

168 1151 266 1217 iidem
283 1173 350 1219 non
368 1152 451 1217 alias
470 1152 543 1217 aliis
562 1155 738 1218 uterentur.
768 1151 895 1228 Quaero
914 1156 1033 1235 autem,
1052 1151 1080 1216 si
1098 1150 1182 1217 iusti

167 1239 309 1306 hominia
339 1243 374 1306 et
402 1240 431 1306 si
457 1240 536 1305 boni
562 1244 614 1305 est
640 1240 703 1305 viri
728 1262 844 1325 parcre
866 1240 1008 1326 legibus,
1038 1239 1181 1325 quibus?

168 1350 212 1394 an
238 1351 458 1414 quaecumque
485 1330 601 1395 erunt?
637 1328 686 1394 At
711 1351 770 1394 nec
796 1328 1051 1394 inconstantiam
1072 1328 1181 1393 virtus
1196 1348 1228 1388 ιο

168 1417 293 1504 recipit,
313 1439 375 1484 nec
392 1417 585 1484 varietatem
602 1420 722 1482 natura
738 1418 873 1501 patitur,
891 1418 1044 1503 legesque
1062 1437 1181 1502 poena,

168 1528 234 1572 non
260 1506 388 1572 iustitia
414 1511 529 1572 nostra
551 1506 819 1590 comprobantem
845 1505 928 1570 nihil
950 1505 1053 1571 habet
1074 1505 1181 1607 igitur

168 1596 318 1661 naturale
339 1596 404 1680 ius3
432 1616 471 1660 ex
494 1616 557 1680 quc
579 1594 663 1659 illud
686 1593 834 1678 efficitur,
855 1615 896 1658 ne
919 1595 1024 1659 iustos
1048 1593 1181 1678 qurdem

169 1705 240 1750 csse
266 1688 394 1750 natura.
434 1682 488 1748 An
514 1704 592 1748 vero
614 1683 650 1748 in
672 1682 800 1768 legibus
822 1682 1016 1749 varietatem
1039 1702 1110 1747 esse
1133 1681 1181 1746 di·

167 1801 195 1853 p.
207 1774 254 1855 14]
268 1776 355 1858 cunt,
372 1776 492 1838 natura
505 1776 615 1837 autem
628 1771 716 1836 viros
730 1771 833 1836 bonos
848 1792 919 1836 eam
932 1770 1094 1836 iustitiam
1109 1766 1114 1856 Ι
1131 1791 1180 1835 se·
1194 1787 1225 1829 ιο

169 1883 339 2015 llnqlll
354 1864 504 2033 still
519 1881 715 2014 ttulit
732 1858 1179 2033 llillrluiltillolli

117 2049 151 2099 19
169 2038 313 2124 dignum.
356 2036 483 2121 Ecquid
514 2058 593 2123 ergo
620 2036 763 2121 primum
789 2035 889 2102 mutis
916 2036 1098 2101 tribuemus
1125 2036 1179 2101 be·

169 2126 256 2192 luis?
282 2126 458 2191 nonenim
480 2124 657 2191 mediocres
680 2124 756 2207 viri,
779 2125 836 2190 sed
858 2124 1001 2189 maxumi
1023 2128 1058 2189 et
1080 2124 1178 2207 ducti,

168 2214 375 2298 Pythagoras
394 2216 427 2279 ct
444 2212 668 2298 Empedocles,
685 2234 784 2278 unam
802 2212 948 2278 omnium
961 2212 1178 2278 animantium
1192 2231 1224 2271 ae

169 2301 389 2368 condicionem
419 2301 500 2367 iuris
532 2322 603 2366 esse
634 2301 827 2368 denuntiant
857 2302 1064 2385 clamantque
1090 2301 1179 2365 inex·

169 2390 301 2476 piabilis
327 2411 448 2475 poenes
476 2389 661 2475 impendere
687 2390 742 2474 iis,
769 2412 790 2455 a
811 2389 928 2475 quibus
951 2389 1111 2455 violatum
1133 2389 1180 2454 sit

169 2479 312 2632 animalil
340 2475 451 2545 Scelus
474 2483 525 2544 est
546 2479 649 2565 igitur
671 2499 786 2544 nocere
808 2478 942 2562 bestias,
965 2478 1055 2563 quod
1072 2478 1178 2543 scelus

170 2568 225 2653 qui
248 2589 286 2633 re
303 2567 342 2632 ‘t.
357 2618 364 2632 .
380 2616 410 2634 ..

482 2674 604 2755 [Multa
625 2673 859 2753 medeantur]

113 2748 159 2876 ἐξ
169 2782 235 2863 [13.
249 2782 298 2862 22]
372 2778 426 2846 Ver
447 2780 478 2845 sc
498 2780 653 2844 cautum
673 2779 759 2860 seque
779 2777 857 2843 voce
873 2777 930 2855 aa,
952 2778 1055 2843 urani
1071 2782 1175 2843 amen
1190 2795 1223 2838 e

168 2870 249 2936 iuris
270 2871 400 2951 renerus
419 2869 518 2950 uentis
539 2887 614 2933 suec
636 2868 711 2949 leues
733 2873 892 2948 tamquam
912 2885 1019 2930 verum
1040 2866 1091 2931 ius
1112 2887 1177 2931 unu

163 2959 323 3041 utentur,
349 2977 427 3040 quas
453 2976 516 3022 con
537 2957 641 3038 utique
665 2956 795 3038 estun,
821 2955 876 3020 sed
895 2954 1016 3019 utilitas
1037 2957 1178 3037 repperit.

169 3044 234 3112 Orc
256 3048 337 3111 ellim
353 3065 413 3128 per
435 3062 538 3110 omues
555 3043 686 3127 popellos
706 3044 828 3108 diuersa
849 3048 878 3107 et
897 3044 988 3107 curru
1010 3043 1084 3107 ture
1104 3048 1180 3108 suut

168 3136 299 3214 corruite,
322 3135 388 3199 nisi
408 3134 489 3216 quod
506 3153 574 3197 unc
592 3152 726 3215 quaeque
739 3151 814 3214 ceres
831 3131 867 3196 ic
881 3131 942 3197 ene
959 3133 1073 3211 saucit,
1097 3133 1180 3214 quod

163 3225 290 3305 putauit
309 3222 399 3288 rebus
420 3223 487 3288 suis
507 3220 604 3286 utile?
641 3221 799 3301 Quantum
820 3224 923 3285 auten
944 3240 966 3284 u
987 3221 1110 3285 iustitia
1130 3238 1178 3284 re·
1192 3237 1224 3278 ee

169 3312 255 3376 cedet
277 3311 410 3390 utelitas,
434 3310 567 3391 populus
592 3310 657 3391 epse
678 3308 841 3373 Romanus
862 3308 957 3390 decet,
983 3310 1038 3390 qui
1056 3328 1112 3389 per
1132 3310 1177 3387 fe·

170 3399 258 3464 tiulce
284 3398 363 3463 belle
389 3398 548 3462 indicendo
576 3402 605 3462 et
631 3398 761 3478 {celticae
782 3398 918 3461 intumus
938 3397 1080 3476 faciende
1101 3414 1177 3462 sene

166 3504 279 3567 perque
305 3486 410 3550 aliena
430 3485 576 3565 cupiendo
599 3489 689 3566 atquc
710 3485 859 3565 rapiendo
874 3486 1095 3566 possessionem
1115 3484 1178 3549 sibi

169 3575 262 3638 totius
278 3572 361 3638 orbis
375 3574 571 3653 eempurueit.
595 3572 793 3654 (Lactuutm
806 3574 877 3638 inst.
891 3573 951 3637 div.
964 3571 1016 3637 VI
1022 3578 1052 3637 9.
1060 3573 1179 3652 2-4.)
