2654 3924
364 235 431 292 ΜΒ,
451 237 484 292 Π.
506 237 581 292 oaP.
601 244 715 293 aa-ac.
734 244 750 302 s
768 244 881 292 ιιι-47,
1065 237 1127 301 321

122 381 278 447 comitata
306 385 365 446 est.
405 380 492 446 Nam
520 385 553 446 et
576 403 670 446 omne
693 380 823 446 Latium
845 380 932 446 bello
949 380 1074 453 vdevicit
1097 385 1130 446 et

123 468 274 534 Suessam
305 469 501 553 Pometiam,
538 470 652 535 urbem
684 470 873 554 opulentam
904 468 1130 552 refertamque,

123 559 209 643 cepit
236 562 269 623 et
298 560 439 623 maxima
461 558 532 623 auri
556 558 746 642 argentique
769 558 890 642 praeda
913 558 1130 642 locupletatus

122 650 236 712 votum
258 646 363 731 patris
387 645 542 731 Oapitolii
565 646 786 711 aedificatione
809 646 967 730 persolvit
991 649 1024 709 et
1046 646 1130 710 colo—

96 736 195 799 snias
218 734 349 799 deduxit
372 739 404 799 et
427 735 586 799 institutis
609 756 729 818 eorum,
753 757 772 799 a
796 734 912 818 quibus
936 737 1027 798 ortus
1051 738 1130 816 erat,
1239 758 1241 765 ·

126 821 238 901 ldona
269 823 441 908 magnifica
474 823 567 907 quasi
601 823 780 887 libamenta
811 822 1004 904 praedarum
1036 824 1078 904 [p.
1098 840 1130 888 lc

123 903 269 997 Delphos
293 912 334 976 ad
351 912 539 996 Apollinem
562 911 660 976 misit.
1141 964 1184 1029 25

189 999 251 1065 Hic
277 999 334 1064 ille
361 999 428 1065 iam
450 1004 593 1064 vertetur
616 1000 718 1084 orbis,
746 1001 835 1065 cuius
858 1000 1042 1073 naturalem
1065 1022 1131 1064 mo·
1149 1043 1183 1091 45

122 1093 194 1153 tum
220 1092 319 1172 atque
346 1088 515 1155 circuitum
540 1088 686 1172 aprime
711 1089 824 1153 discite
848 1089 1054 1174 adgnoscere
1093 1089 1131 1152 Id

85 1197 110 1237 ro
124 1178 208 1241 enim
232 1181 283 1242 est
305 1181 403 1261 caput
426 1177 531 1242 civilis
552 1176 755 1262 prudentiae,
778 1177 813 1241 in
836 1200 899 1261 qua
922 1177 1027 1242 omnis
1050 1177 1131 1242 haec

123 1270 237 1331 nostra
259 1269 408 1330 versatur
432 1266 546 1349 oratio,
568 1265 677 1330 videre
700 1266 818 1329 itinera
840 1266 1005 1349 flexusque
1023 1288 1131 1331 rerum

123 1354 336 1438 publicarum,
359 1359 405 1437 ut,
428 1376 500 1419 cum
524 1354 644 1436 sciatis,
669 1375 732 1437 quo
757 1375 902 1437 quaeque
920 1375 972 1418 res
990 1354 1131 1438 inclinet,

123 1443 261 1507 retinere
276 1445 333 1507 aut
347 1447 422 1506 ante
432 1443 567 1527 possitis
579 1440 584 1512 l
597 1463 770 1507 occurrere.
794 1440 880 1506 Nam
890 1463 946 1505 rex
955 1442 1021 1524 ille,
1031 1445 1130 1523 [pata

124 1531 162 1595 de
186 1551 249 1615 quo
272 1531 396 1614 loquor,
419 1531 560 1615 primurn
584 1530 700 1614 optimi
725 1530 811 1615 regis
835 1530 931 1595 caede
950 1531 1130 1595 maculatus

86 1637 111 1678 rs
125 1620 254 1704 integra
275 1622 383 1683 mente
401 1641 467 1684 non
485 1623 563 1702 erat,
587 1622 620 1682 et
638 1640 711 1683 cum
729 1622 888 1683 metueret
905 1618 975 1701 ipse
993 1640 1132 1702 poenam

125 1707 254 1772 sceleris
278 1706 328 1770 sui
353 1728 522 1790 summam,
545 1706 646 1771 metui
669 1729 703 1770 se
726 1707 871 1790 volebat,
895 1706 1008 1771 deinde
1030 1707 1130 1772 ricto-

124 1795 181 1859 riis
218 1794 403 1880 divitiisque
436 1795 591 1859 subnixus
624 1795 793 1859 exultabat
822 1794 997 1860 insolentia
1020 1816 1131 1879 ‘neque

125 1904 201 1948 suos
233 1904 339 1948 mores
372 1904 484 1968 regere
515 1886 646 1968 poterat
677 1904 780 1967 nequo
811 1904 942 1948 suorum
973 1882 1131 1947 libidines.

124 1971 238 2056 Itaque
253 1992 326 2037 cum
341 1971 444 2036 maior
458 1971 526 2035 eius
540 1971 626 2036 filius
640 1970 818 2054 Lucretiae,
837 1971 1021 2056 Tricipitini
1034 1971 1131 2055 filiae,
1149 1988 1184 2034 rc

85 2080 111 2119 ²0
126 2059 290 2126 Conlatini
318 2059 424 2142 uxori,
453 2059 521 2124 vim
548 2060 714 2125 attulisset
741 2060 920 2144 mulierque
947 2060 1071 2145 pudens
1092 2064 1132 2124 'et

124 2146 253 2231 nolbilis
277 2149 319 2213 ob
338 2147 431 2212 illam
449 2147 600 2212 iniuriam
620 2168 690 2212 sese
708 2148 781 2232 ipsa
799 2152 904 2214 morte
923 2149 1004 2212 mul·
1024 2151 1063 2229 [p.
1079 2151 1137 2213 256⁸

123 2237 269 2321 tavisset,
291 2240 363 2301 tum
384 2236 436 2300 vir
457 2237 588 2321 ingenio
607 2240 640 2300 et
659 2236 779 2301 virtute
798 2240 978 2321 praestans,
1000 2235 1035 2300 L.
1052 2235 1132 2302 Bru·

124 2330 191 2409 tus,
220 2325 344 2410 depulit
372 2347 392 2389 a
419 2324 543 2390 civibus
572 2325 637 2389 suis
661 2324 817 2389 iniustum
840 2325 920 2390 illud
947 2325 1044 2389 durae
1068 2347 1132 2391 ser·

125 2414 238 2479 vitutis
270 2414 392 2500 iugum.
438 2410 500 2488 Qui
527 2435 599 2479 eum
626 2413 773 2497 privatus
801 2418 900 2497 esset,
931 2416 1036 2477 totam
1062 2436 1132 2478 rem

86 2520 112 2560 25
127 2502 290 2587 publicam
319 2501 474 2566 sustinuit
500 2502 688 2586 primusque
714 2502 749 2565 in
775 2501 838 2567 hac
864 2501 996 2566 civitate
1024 2501 1133 2567 docuit

126 2591 160 2654 in
187 2590 408 2655 conservanda
435 2590 553 2655 civium
580 2590 732 2654 libertate
756 2611 826 2654 esse
848 2590 1012 2674 privatum
1034 2591 1132 2654 nemi-

126 2700 209 2742 nem.
246 2676 315 2753 Quo
340 2683 471 2743 anctore
491 2682 524 2742 et
541 2677 686 2763 principe
705 2677 868 2744 concitata
886 2677 1001 2743 civitas
1021 2682 1054 2742 et
1071 2678 1132 2743 hac

126 2765 247 2830 recenti
279 2764 433 2850 quatrella
459 2764 628 2831 Lucretiae
660 2766 763 2851 patris
797 2788 834 2831 ac
863 2766 992 2851 propin·
1019 2766 1060 2847 [p.
1080 2782 1131 2830 arc

127 2875 264 2938 quorum
296 2858 329 2918 et
360 2854 582 2919 recordatione
615 2855 785 2939 superbiae
817 2853 985 2938 Tarquinii
1016 2854 1132 2919 multa·

88 2959 113 2999 ³0
127 2962 261 3024 rumque
290 2940 480 3005 iniuriarum
513 2946 546 3008 et
577 2941 679 3028 ipsius
708 2947 741 3007 et
767 2942 909 3007 filiorum
942 2943 1068 3006 exulem
1100 2946 1133 3008 et

126 3051 236 3115 regern
258 3029 366 3115 ipsum
387 3033 420 3094 et
443 3030 563 3095 liberos
587 3031 654 3095 eius
678 3034 711 3095 et
734 3035 865 3116 gentem
883 3030 1133 3114 Tarquiniorum

126 3141 196 3183 esse
218 3118 323 3183 iussit.
1143 3171 1184 3236 26

192 3205 360 3271 Videtisne
378 3205 488 3292 igitur,
506 3210 544 3271 ut
563 3206 601 3271 de
615 3227 691 3291 rege
705 3207 853 3272 dominus
868 3209 1012 3273 extiterit
1026 3208 1133 3274 unius-
1151 3249 1185 3298 47

127 3316 188 3379 que
215 3295 296 3360 vitio
320 3315 422 3381 genus
445 3295 492 3359 rei
515 3294 664 3380 publicae
687 3316 725 3360 ex
748 3295 834 3361 bono
857 3295 891 3360 in
914 3297 1133 3362 deterrumum

87 3401 112 3440 ⁸⁵
127 3405 317 3449 conversum
344 3383 410 3449 sit?
444 3382 507 3449 Hic
526 3386 581 3448 est
604 3382 689 3447 enim
713 3383 861 3448 domiuus
883 3385 1010 3469 populi,
1038 3407 1133 3469 quem

126 3470 241 3537 Graeci
272 3469 456 3556 tyranlnum
487 3475 619 3555 vocant3
650 3493 727 3536 nam
756 3493 867 3558 regem
896 3472 991 3537 illum
1021 3476 1062 3554 [p.
1081 3490 1132 3538 246

125 3559 241 3625 volunt
264 3581 343 3644 esse,
367 3560 422 3645 qui
444 3560 586 3626 consulit
608 3564 645 3625 ut
668 3580 785 3644 parens
807 3562 928 3645 populo
951 3566 1133 3626 conservat-

178 3681 233 3725 010.
245 3681 288 3724 IV.
306 3684 325 3723 2.
886 3670 919 3717 21
