2652 3908
165 160 207 223 ‘18
418 197 420 202 2
475 156 524 212 DE
542 157 695 212 NATURA
712 156 868 212 DEORUM

208 300 390 369 Existere
411 303 511 370 ictos
534 303 646 368 andis
670 302 1008 387 concursantibus,

133 417 186 483 N
209 389 296 456 Nisi
320 393 413 476 qua's
436 391 640 457 terrestris
662 392 806 477 pontus
828 395 984 477 strages
1009 389 1185 474 conciet,

210 479 287 547 Aut
309 480 411 546 forte
434 478 571 546 Triton
594 479 750 545 fuscina
773 482 951 545 evertens
975 500 1113 565 specus
1192 536 1196 542 .

210 566 350 635 Subter
372 568 524 634 radices
547 568 705 652 pe'nitus
728 567 892 633 undanti
913 565 955 633 in
976 567 1079 633 freto

209 656 347 723 Molem
372 659 414 724 e'x
437 656 629 742 profundo
653 657 809 722 saxeam
832 657 878 721 ad
897 656 1045 722 caelum
1064 656 1184 722 eruit
1215 671 1230 712 ³

165 763 304 829 Dubitat
325 763 441 847 primo,
464 784 545 848 quae
569 763 613 827 sit
636 784 675 828 ea
696 765 824 847 natura,
848 784 946 848 quam
965 762 1069 828 cernit
1085 763 1186 849 igno·

102 843 137 1002 q
166 859 245 936 tam,
266 851 414 936 idemque
432 851 603 917 iuvenibus
622 851 702 917 visis
722 850 897 935 auditoque
914 851 1046 917 nautico
1065 854 1185 916 cantu:

209 955 354 1041 †Sicut
385 956 500 1023 inciti
532 961 647 1042 atque
680 956 829 1022 alacres
857 956 1003 1022 rostris
1029 955 1186 1042 perfre-

211 1129 399 1217 Delphini
420 1133 551 1217 †item
575 1135 653 1199 alia
676 1048 976 1199 mullibllvanf
996 1132 1096 1199 melo

212 1219 463 1287 Consimilem
504 1222 550 1287 ad
591 1244 702 1288 aures
743 1223 893 1375 craeqqqpr
930 1225 968 1287 et
1003 1221 1232 1368 auditum1⁰

115 1434 149 1483 eo
168 1417 257 1505 Ergo
285 1422 323 1482 ut
349 1417 402 1484 hic
429 1418 534 1502 primo
563 1421 697 1503 aspectu
724 1417 904 1482 inanimum
932 1416 1087 1502 quiddam
1110 1438 1187 1481 sen·

168 1527 270 1591 suque
299 1529 437 1572 vacnum
468 1527 502 1571 se
531 1509 628 1590 putat
657 1527 800 1590 cernere,
829 1509 907 1591 post
938 1510 1047 1571 autem
1076 1504 1184 1592 signis

168 1594 374 1678 certioribus,
405 1594 500 1679 quale
524 1594 568 1659 sit
590 1593 636 1676 id,
664 1593 702 1658 de
730 1615 794 1678 qno
818 1593 1038 1679 dubitaverat,
1064 1593 1185 1678 incipit

169 1686 341 1768 suspicari,
368 1685 415 1748 sic
443 1682 629 1768 philosophi
657 1682 849 1768 debuerunt,
877 1682 905 1747 si
928 1681 1013 1748 forte
1037 1703 1092 1748 eos
1115 1683 1184 1767 pri-

170 1776 411 1857 musaspectus
430 1770 541 1836 mundi
559 1772 821 1853 conturbaverat,
843 1775 967 1856 postea,
990 1793 1064 1837 cum
1081 1770 1182 1835 vidis·
1199 1789 1228 1829 1⁵

169 1863 243 1926 sent
268 1864 376 1925 motus
405 1862 473 1925 eius
500 1859 610 1925 finitos
633 1863 666 1924 et
690 1860 876 1944 aequabiles
900 1862 1073 1944 omniaque
1096 1860 1181 1924 ratis

169 1948 336 2014 ordinibus
364 1948 532 2014 moderata
557 1949 806 2033 inmutabilique
828 1949 1027 2033 constantia,
1053 1947 1183 2013 intelle

169 2059 245 2124 gere
276 2039 381 2102 inesse
413 2037 554 2119 aliquem
580 2058 647 2102 non
674 2037 781 2102 solum
807 2036 1028 2103 habitatorem
1055 2036 1091 2100 in
1119 2037 1183 2102 hac

169 2126 302 2191 caelesti
331 2147 368 2190 ac
396 2124 505 2190 divina
532 2125 641 2209 domo,
671 2125 727 2190 sed
755 2125 854 2190 etiam
877 2129 1035 2191 rectorem
1058 2128 1092 2190 et
1114 2146 1183 2190 mo·

169 2215 352 2279 deratorem
381 2217 414 2278 et
441 2217 608 2298 tamquam
633 2213 846 2280 architectum
869 2214 954 2279 tenti
977 2212 1085 2298 operis
1109 2216 1181 2277 tan-
1196 2231 1228 2270 20

34 2320 89 2407 χ
117 2315 159 2381 36
170 2305 260 2388 tique
288 2303 439 2368 muneris.
483 2301 580 2368 Nunc
607 2305 715 2368 autem
738 2302 819 2367 mihi
842 2301 992 2367 videntur
1014 2322 1055 2366 ne
1077 2301 1183 2387 suspi-

170 2390 238 2457 cari
256 2391 395 2476 quidem,
412 2395 536 2476 quanta
554 2391 599 2456 sit
616 2389 853 2456 admirabilitas
868 2389 1058 2456 caelestium
1072 2410 1182 2455 rerum
1307 2384 1308 2445 l

153 2474 269 2564 'atque
292 2481 504 2545 terrestrium.

118 2583 150 2633 91
237 2567 401 2654 Principio
434 2569 519 2633 enim
546 2571 635 2633 terra
662 2567 727 2634 sita
753 2567 789 2632 in
817 2568 923 2633 media
949 2570 1042 2653 parte
1069 2566 1183 2632 mundi

171 2655 367 2723 circumfusa
395 2657 536 2742 undique
564 2660 615 2722 est
641 2655 703 2722 hac
731 2654 867 2721 animali
891 2655 1102 2741 spirabilique
1124 2676 1182 2720 na·
1197 2671 1228 2713 2³

170 2750 258 2829 tura,
285 2746 336 2811 cui
359 2767 477 2812 nomen
501 2747 551 2810 est
575 2749 643 2829 atr,
667 2743 826 2811 Graecum
848 2743 929 2810 illud
953 2744 1095 2829 quidem,
1124 2743 1182 2809 sed

170 2838 359 2921 perceptum
382 2834 450 2899 iarn
471 2837 583 2898 tamen
605 2854 666 2899 usu
689 2855 709 2898 a
730 2833 866 2916 nostris3
888 2833 1004 2898 tritum
1026 2836 1077 2898 est
1095 2832 1183 2897 enim

171 2945 230 3008 pro
248 2922 376 2989 Latino.
408 2920 504 2987 Hunc
521 2943 632 2986 mrsus
652 2922 861 3006 amplectitur
878 2921 1045 2988 inmensus
1060 2920 1183 3005 aether,
1307 2938 1308 2991 1

172 3014 227 3096 qui
250 3014 381 3077 constat
399 3032 438 3076 ex
456 3011 625 3075 altissrnns
643 3010 784 3096 ignibus.
820 3009 1007 3075 Mutuemur
1024 3010 1088 3076 hoc
1105 3030 1184 3094 quo·

172 3120 234 3184 que
261 3099 410 3183 verbum,
437 3099 626 3184 dicaturque
654 3102 724 3164 tam
753 3097 897 3165 ‘aether'
927 3096 1056 3184 Latine,
1084 3119 1182 3183 quam
1197 3113 1226 3155 w
1307 3098 1308 3177 i

172 3188 291 3255 dicitur
313 3192 378 3273 air,
401 3186 464 3253 etsi
485 3186 720 3273 interpretatur
742 3185 919 3253 Pacuvius:
1307 3188 1308 3253 l

237 3290 333 3377 Hoc,
364 3292 464 3376 quod
495 3314 677 3379 memoro,
712 3291 843 3358 ndstri
874 3293 1039 3377 caelum,
1074 3291 1184 3358 Graii

754 3380 967 3466 perhibent
989 3380 1165 3465 aethera3

173 3486 369 3571 quasivero
391 3485 590 3553 nonGraius
612 3487 675 3553 hcc
698 3487 792 3553 dicat.
828 3486 874 3552 At
892 3484 1009 3553 Latine
1031 3486 1185 3572 loquitur.
