2654 3912
199 230 266 294 404
596 232 644 287 Du
664 232 820 289 LEGIBUS

446 521 495 594 u.
525 519 686 593 runnu
714 519 961 595 clemacius

383 694 431 792 D
460 696 501 793 E
580 696 690 794 LE
720 695 765 794 G
792 697 818 794 I
845 697 886 794 B
914 697 962 796 U
989 695 1023 796 S

494 892 632 952 LIBER
660 891 912 954 SECUNDUS.

555 1175 852 1237 ARGUMENTUM.

269 1309 339 1364 Cum
355 1309 399 1363 ius
419 1325 500 1363 omne
516 1308 563 1363 vel
578 1307 706 1362 divinum
720 1307 758 1362 sit
771 1307 818 1362 vel
830 1309 992 1377 humanum,
1011 1309 1102 1364 divini
1115 1313 1215 1367 autem

197 1397 289 1506 prima
305 1379 464 1435 necessario
483 1380 587 1435 debeat
605 1395 667 1434 esse
685 1395 760 1447 cura,
779 1379 815 1433 ab
828 1379 884 1433 hoc
896 1380 998 1434 merito
1012 1380 1127 1436 initium
1141 1382 1215 1438 fecit

221 1452 296 1507 icero
322 1454 467 1520 totamque
492 1450 559 1506 reli
588 1449 700 1504 ionem
724 1450 779 1504 hoc
804 1449 878 1505 libro
901 1450 1057 1507 coustituit.
1094 1453 1215 1524 Repetit

197 1525 292 1578 autem
311 1521 532 1593 disputationem
549 1468 585 1576 εἰ
604 1523 719 1576 aeterna
736 1520 788 1574 illa
806 1523 836 1575 et
854 1539 963 1576 summa
980 1522 1057 1591 lege,
1076 1540 1148 1593 quae
1168 1528 1215 1580 est

196 1593 270 1648 ratio
285 1593 382 1648 divina
395 1595 426 1648 εὴ
437 1593 567 1659 humana,
582 1594 650 1661 apta
663 1591 700 1646 ad
713 1590 866 1646 vetandum
880 1593 910 1646 et
922 1592 1076 1647 iubendum
1090 1598 1163 1665 (cap.
1174 1599 1212 1666 4).

196 1664 307 1720 Deinde
335 1665 427 1735 ipsam
453 1664 588 1734 proponit
610 1662 704 1732 legem
729 1678 744 1716 e
768 1662 879 1732 legibus
901 1663 1010 1718 Numae
1034 1666 1063 1719 et
1085 1666 1213 1722 moribus

130 1766 132 1770 -
197 1735 331 1790 Romanis
350 1735 463 1789 ductam
482 1739 554 1804 (cap.
573 1739 604 1800 8,
623 1739 651 1802 9)
668 1733 823 1803 praemisso
839 1734 986 1803 prooemio
1005 1734 1040 1789 de
1058 1734 1131 1804 legis
1149 1736 1210 1790 lau·

197 1807 280 1862 dibus
298 1805 390 1875 iisque
407 1804 530 1877 propriis
549 1804 661 1874 generis
680 1803 723 1858 sui
742 1807 814 1874 (cap.
829 1809 864 1873 7).
897 1804 1018 1874 Reliqua
1035 1807 1130 1861 autern
1143 1824 1211 1877 pars

196 1877 264 1932 libri
285 1878 414 1932 versatur
435 1876 466 1931 in
488 1875 544 1930 ista
566 1875 631 1945 lege
654 1874 821 1946 explicanda
844 1876 874 1929 et
892 1875 973 1944 quasi
991 1877 1145 1945 suadenda,
1169 1881 1211 1945 ut,

197 1948 298 2017 quibus
317 1948 352 2003 de
371 1946 464 2003 causis
482 1962 608 2015 quaeque
627 1945 699 2027 legis
717 1963 783 2016 pars
797 1945 939 2015 probetur,
958 1946 1149 2017 intellegatur.
1178 1950 1212 2004 In

196 2036 252 2087 quo
275 2035 333 2075 non
352 2018 442 2074 solum
460 2017 608 2072 Platonem
626 2018 753 2085 aliosque
772 2015 894 2071 Graecos
912 2017 1098 2088 philosophos
1116 2017 1212 2074 imita

196 2091 250 2157 tur,
270 2089 318 2158 qui
337 2089 372 2143 de
390 2088 501 2159 legibus
520 2086 693 2158 scripserunt
710 2090 746 2155 (v.
762 2086 812 2141 lib.
827 2088 867 2141 111
882 2103 942 2158 cap.
957 2095 983 2156 5,
1003 2093 1039 2158 6),
1059 2089 1212 2145 sedetiam

197 2160 429 2215 consuetudinem
441 2158 658 2240 magistratuum
672 2157 871 2224 Romanorum,
890 2158 940 2227 qui
952 2158 983 2212 in
996 2159 1107 2229 legibus
1120 2159 1212 2216 feren-

197 2229 241 2283 die
259 2230 448 2300 rogandisque
460 2247 581 2300 primum
596 2229 632 2284 de
645 2228 777 2282 universa
789 2227 885 2298 legum
899 2229 982 2284 laude
996 2231 1026 2284 et
1039 2231 1211 2287 necessitate

196 2300 303 2369 dicere,
332 2300 433 2355 deinde
461 2316 479 2354 a
505 2315 645 2370 praecone
670 2298 762 2353 scriba
787 2299 943 2356 subiciente
968 2301 1082 2355 recitari
1106 2302 1211 2372 legem,

195 2374 269 2439 tum,
296 2371 346 2425 ubi
372 2371 512 2438 docendo,
541 2369 708 2441 explicando
734 2368 945 2438 rationibusque
969 2370 1127 2426 adferendis
1146 2389 1212 2427 eam

197 2443 350 2507 euaserant,
369 2443 507 2512 populum
525 2442 670 2496 discedere
689 2442 719 2496 et
737 2440 811 2496 datis
830 2441 944 2496 tabellis
962 2441 993 2495 in
1006 2460 1057 2497 sua
1070 2459 1211 2512 quemque

195 2514 271 2568 tribu
290 2513 453 2584 suffragium
466 2514 539 2568 ferre
553 2513 649 2567 iubere
664 2514 869 2568 consueverant
881 2512 943 2582 (lib.
957 2513 998 2568 111
1012 2529 1073 2584 cap.
1087 2521 1105 2569 4
1118 2516 1201 2584 extr.)

157 2736 174 2861 ξ
261 2765 401 2832 Arrrcrs.
429 2760 493 2827 Sed
515 2764 616 2847 visne,
640 2763 795 2847 quoniam
818 2766 851 2827 et
874 2762 955 2827 satis
978 2762 1045 2827 iam
1064 2764 1212 2829 ambula·

195 2858 266 2918 tum
294 2857 344 2917 est
372 2857 405 2917 et
432 2852 495 2917 tibi
520 2852 609 2917 aliud
632 2851 758 2917 dicendi
780 2851 912 2915 initium
935 2851 1126 2916 sumendum
1149 2857 1211 2937 est,

194 2942 303 3006 locum
335 2944 497 3005 mutemus
531 2944 564 3005 et
595 2940 631 3006 in
660 2940 782 3022 insula,
813 2961 897 3024 quae
929 2943 979 3004 est
1005 2939 1041 3004 in
1067 2939 1210 3006 Fibreno

195 3027 299 3115 (nam,
329 3029 458 3114 opinor,
487 3030 523 3093 id
547 3028 598 3092 illi
625 3028 722 3092 alteri
748 3028 875 3092 flumini
896 3050 1015 3092 nomen
1038 3029 1116 3113 est),
1144 3050 1211 3093 ser-

194 3116 284 3182 moni
311 3118 437 3201 reliquo
461 3117 573 3182 demus
597 3139 730 3201 operam
754 3116 924 3181 sedentes?
960 3117 1009 3182 M.
1032 3113 1115 3182 Sane
1140 3118 1239 3201 qui-5

195 3206 282 3289 dem,
308 3227 386 3270 nam
412 3205 471 3270 illo
499 3206 571 3270 loco
597 3206 812 3270 libentissime
836 3205 925 3269 soleo
948 3205 1010 3287 uti,
1038 3205 1107 3269 sive
1131 3206 1211 3289 quid

160 3307 176 3355 2
196 3316 321 3359 mecum
340 3293 410 3377 ipse
425 3294 534 3380 cogito
549 3294 617 3359 sive
634 3296 718 3375 [aut]
734 3293 811 3378 quid
826 3293 931 3358 scribo
947 3297 1003 3357 aut
1017 3293 1101 3379 lego.
1130 3294 1210 3360 Arr.

194 3381 367 3467 Equidem,
396 3382 452 3466 qui
477 3404 563 3448 nunc
589 3382 799 3468 potissimum
821 3381 885 3446 huc
907 3382 1065 3465 venerim,
1093 3381 1209 3446 satiari

194 3492 260 3536 non
280 3491 361 3554 queo
380 3471 634 3555 magnificasque
652 3470 750 3535 villas
770 3474 802 3534 et
821 3470 1009 3554 pavimenta
1025 3491 1210 3535 marmorea

195 3561 229 3622 et
259 3559 411 3642 laqueata
442 3563 530 3624 tecta
561 3562 747 3639 contemn03
784 3558 899 3622 ductus
931 3580 1007 3622 vero
1040 3580 1210 3643 aquarum,
1225 3578 1254 3616 1o
