2630 3904
172 221 194 283 2
479 220 528 276 DE
545 221 697 278 NATURA
715 221 870 279 DEORUM

173 361 354 432 gravissimae
380 362 462 445 buius
489 362 660 446 quaestionis
684 364 719 420 de
741 367 845 447 natura
866 365 981 421 deorum
1002 364 1128 448 disserit,
1149 366 1190 422 de

173 433 777 584 letnfflttttttthtettitt
795 436 1190 590 ltlflffpilfimitffittl]

173 589 306 642 quomam
324 577 354 630 et
370 574 455 630 amici
472 575 604 633 benivole
617 593 682 632 eum
700 577 903 632 admonuerant
916 579 946 633 et
962 577 1054 633 mvid1
1070 595 1188 634 rnunrce

172 645 414 715 vituperaverunt,
442 647 517 715 qnod
544 646 754 718 philosophiam
782 647 918 703 Graecam
944 647 1054 705 Latinis
1080 648 1188 705 litteris

172 714 309 784 traderet,
334 719 363 773 et
380 716 541 772 universnm
562 718 761 790 philosophiae
779 719 903 774 studium
927 718 1056 775 defendit
1072 721 1103 775 et
1123 720 1188 775 bre-

173 784 247 841 riter
263 787 402 842 rationem
420 787 523 855 reddit,
542 804 626 858 quam
645 789 758 844 obrem
776 788 838 861 ipso
851 789 1082 845 Academicorum
1101 790 1188 846 disci·

192 856 280 912 linam
303 857 482 929 potissimum
505 861 616 914 secutus
640 860 691 928 sit,
715 874 832 931 quornm
850 860 886 916 de
909 861 1083 931 gravissimis
1101 861 1188 917 rebus

172 875 336 983 inhianter
352 928 488 999 loquendi
504 929 577 985 ratio
595 930 632 985 ad
649 930 724 986 hano
742 930 1046 1058 ipsawaestionem
1063 932 1187 987 maximo

173 1015 258 1069 opere
275 1000 417 1070 pertinere
434 998 578 1067 meacm,
601 1001 792 1070 deonacum
832 1001 838 1013 '
888 1001 1009 1058 illimnm
1026 1019 1077 1073 per
1095 1019 1125 1058 se
1146 1002 1188 1058 sit

173 1069 321 1137 iudicium,
348 1072 410 1126 tum
436 1071 532 1126 tantm
560 1071 788 1127 doctissimorum
818 1072 963 1128 hominnm
995 1073 1187 1129 dissensiones

185 1156 245 1211 cap.
264 1147 334 1217 3-6
392 1143 498 1224 5-14).
534 1139 661 1209 Deinde
684 1142 729 1197 dis
749 1142 876 1199 utatione
898 1143 972 1199 inter
989 1141 1019 1201 0.
1038 1143 1186 1201 Aurelium

197 1213 286 1266 ottam
305 1212 340 1267 et.
376 1204 538 1292 ‚vellerum
556 1214 586 1268 et
602 1211 635 1277 Q.
650 1213 716 1270 Icc'
760 1232 789 1267 m
807 1208 927 1275 Bothum
941 1224 974 1270 se
992 1214 1124 1270 mdeste
1142 1215 1186 1270 in·

174 1281 275 1337 stituta
291 1282 385 1349 refert,
403 1283 434 1337 in
452 1294 508 1352 qua
526 1292 596 1352 qnae
614 1299 632 1337 a
648 1284 739 1355 princi
760 1284 823 1340 ibus
841 1284 899 1339 illis
917 1285 1004 1340 tnhni
1022 1285 1185 1357 disciplina·

172 1370 235 1407 rum
261 1353 407 1425 disputata
427 1353 498 1422 sint,
526 1370 555 1409 se
578 1353 649 1409 dicit
670 1354 716 1411 bis
739 1303 827 1422 Ebria,
842 1372 980 1426 exponere
1004 1357 1185 1413 constituisse

173 1426 244 1494 (cap.
264 1432 290 1492 6,
309 1430 325 1479 'l
348 1431 363 1492 ς
383 1430 516 1481 lli—17.
552 1422 590 1479 Et
610 1424 641 1479 in
658 1425 712 1481 hoc
732 1425 845 1495 quidem
862 1427 953 1497 primo
971 1427 1045 1482 libro
1069 1427 1185 1482 initium

173 1494 337 1566 disputandi
355 1494 426 1550 facit
444 1492 473 1550 0.
514 1494 622 1563 elleins,
638 1498 670 1550 et
688 1513 706 1552 a
724 1497 940 1567 reprehensione
958 1498 1072 1567 quidem
1088 1497 1184 1554 Plato·

173 1565 253 1621 nicae
272 1568 302 1621 et
315 1565 426 1622 Stoicae
439 1565 566 1634 rationis,
581 1580 702 1636 *quanm
720 1566 772 1621 illa
783 1567 918 1622 mundum
936 1568 1021 1624 adeo
1038 1569 1184 1638 tamquam

173 1636 274 1708 opifice
296 1638 381 1707 atque
404 1635 582 1693 aedificatore
604 1637 762 1708 proiectum
785 1638 987 1707 contendebat,
1006 1639 1096 1695 altera
1113 1637 1183 1708 πρό-

172 1727 268 1832 νοιαῖ,
286 1707 316 1832 itd
327 1709 379 1832 St
395 1707 616 1833 9¹3⁰ffi³¹ssffim
629 1707 838 1849 tipqupleebatiea
856 1725 912 1779 qua
928 1709 1048 1833 nplundus
1067 1710 1184 1837 ςίΐεοωῗ

173 1794 286 1834 essee
364 1795 448 1832 mmrs
494 1795 633 1846 reur,u
712 1796 790 1835 ean
820 1797 1169 1836 mmunumanrmoe

173 1848 301 1904 sensibus
313 1848 480 1919 praeditum,
499 1849 658 1916 rotundum,
677 1849 821 1904 ardentem
834 1851 1043 1921 volubilemqne
1059 1851 1184 1908 faciebat

76 1962 83 1972 .
172 1923 244 1990 (cap,
263 1924 370 1975 8-10.
405 1919 588 1990 Reliquorum
606 1919 708 1976 deinde
727 1921 851 1975 omnium
872 1921 1105 1994 philosophorum
1123 1924 1183 1978 iam

171 1989 237 2046 inde
255 2004 273 2044 a
290 1922 408 2046 ThaAete
427 1989 462 2046 de
480 1990 533 2046 deo
552 1986 699 2046 sententiis
711 1990 837 2046 breviter
854 1988 1078 2059 commemoratis
1092 1992 1123 2049 et
1139 2011 1182 2049 re·

170 2060 315 2132 prehensis
339 2064 409 2132 (cap.
431 2062 554 2131 ld-ltl
578 2061 614 2116 ad
631 2061 722 2132 ipsam
736 2057 906 2133 'Epicuream
925 2062 960 2118 do
979 2063 1023 2120 dis
1041 2063 1183 2135 rationem

171 2131 366 2215 explicandam
384 2132 503 2199 accedit,
522 2140 606 2202 quarn
623 2142 707 2186 nnarn
721 2148 816 2191 reram
829 2149 890 2188 osse
909 2132 1058 2191 existimat
1084 2134 1182 2190 Solum

172 2220 246 2259 emm
270 2201 422 2273 Epicurum
443 2202 549 2258 vidisse
575 2202 696 2285 primum
719 2218 781 2270 esse
803 2204 883 2270 cleos,
907 2204 983 2274 quod
1004 2205 1035 2261 in
1057 2205 1198 2262 omnium'

52 2294 59 2310 ⁴
171 2273 271 2329 animis
295 2290 391 2328 eorum
411 2273 557 2329 notionem
578 2273 767 2344 rmpressisset
788 2270 891 2330 natura
914 2276 943 2331 et
967 2275 1026 2332 sine
1052 2272 1196 2339 doctrina,

171 2343 405 2415 anticipationem
419 2344 559 2415 quandam
573 2343 696 2414 deorum,
710 2361 794 2414 qnam
807 2345 869 2417 ipse
883 2344 1011 2418 appellat
1028 2344 1181 2420 πρόληψιν,

170 2413 1181 2557 litettthdtelitlttbeltt“esttenete

173 2557 278 2625 sensio,
301 2557 334 2610 ut
351 2555 419 2612 deos
438 2572 500 2611 esse
518 2556 656 2625 statuant,
680 2570 796 2627 eamque
814 2558 861 2614 rel
883 2557 1116 2631 anticipationem
1134 2558 1196 2619 vel,

171 2627 384 2700 praenotionem
411 2626 526 2683 deorum
548 2627 682 2696 habeant,
706 2630 739 2683 nt
761 2643 809 2684 eos
831 2628 930 2684 beatos
954 2632 984 2685 et
1006 2630 1184 2687 immortales

170 2700 285 2770 putent;
304 2715 338 2753 ex
356 2714 411 2767 quo
429 2697 572 2767 consequi,
590 2700 622 2753 nt
639 2698 709 2753 nihil
720 2698 833 2769 »negotii
849 2714 902 2770 nec
918 2699 974 2771 ipsi
990 2701 1116 2757 habeant
1127 2712 1197 2759 nee'

171 2769 235 2825 aliis
258 2769 410 2837 exhibeant
430 2782 465 2824 ne
485 2785 521 2825 ue
543 2768 586 2824 ira
602 2785 693 2839 neque
711 2770 804 2840 gratia
820 2771 982 2840 teneantur,
1005 2772 1084 2842 quia,
1109 2789 1182 2843 qnae

170 2839 241 2896 talia
263 2840 332 2907 sint,
356 2837 470 2903 imbecil
520 2839 579 2895 sint
601 2839 703 2897 omnia.
739 2840 772 2894 Ie
796 2840 881 2896 siita
903 2838 952 2910 sit,
975 2841 1023 2913 pie
1047 2843 1182 2900 colendos

171 2928 232 2968 esse
257 2910 324 2966 deos
351 2911 469 2980 propter
512 2912 682 2966 raestantem
703 2912 848 2989 ‘naturann
872 2913 951 2968 nullo
976 2916 1071 2969 autem
1094 2914 1195 2972 modo¹

169 2980 319 3047 timendos,
339 2996 393 3050 quo
407 2997 464 3038 uno
502 2981 553 3042 icit
566 2992 676 3037 omnem
694 2982 921 3053 superstitionem
941 2983 1031 3041 everti
1049 2988 1126 3068 (cap'
1137 2992 1181 3054 rt,

171 3055 224 3123 17).
262 3051 316 3107 Sed
334 3051 372 3105 ad
389 3051 462 3106 hano
480 3052 642 3124 opinionem
658 3050 874 3108 confirmandam
892 3054 1038 3125 anquirere
1056 3072 1181 3112 annnam

170 3125 200 3178 et
217 3122 336 3178 formam
354 3123 384 3178 et
402 3122 492 3178 vitam
509 3125 539 3179 et
560 3123 701 3179 actionem
723 3124 825 3179 mentis
844 3126 929 3194 atque
947 3125 1132 3196 agitationem
1148 3128 1180 3182 in

170 3193 236 3261 dco;
259 3194 290 3249 et
311 3192 430 3264 figuram
453 3193 567 3263 quidem
589 3195 696 3249 nullam
717 3210 801 3266 posse
823 3194 909 3250 aliam
931 3211 992 3252 esse
1010 3198 1067 3254 nisi
1082 3199 1180 3253 henna·

170 3280 249 3332 nam,
287 3263 389 3319 rimum
407 3265 482 3334 quod
500 3266 601 3321 natura
623 3265 745 3335 speciem
762 3264 851 3321 aliam
871 3266 987 3322 deorum
1002 3280 1061 3324 non
1078 3269 1193 3325 habea·

168 3351 240 3402 mus,
264 3334 360 3390 'einde
374 3334 450 3404 quod
467 3334 592 3391 humana
604 3334 694 3390 forma
712 3335 751 3390 sit
767 3335 963 3408 pulcherrima,
981 3339 1043 3394 tum
1061 3340 1138 3411 quod
1150 3340 1180 3395 in

168 3403 227 3458 alia
244 3405 323 3461 nulla
339 3402 429 3478 figura
447 3405 621 3461 domicilium
638 3407 742 3462 mentis
760 3422 821 3463 esse
838 3407 937 3478 possit
968 3407 1067 3480 Neque
1084 3412 1180 3467 tamen

169 3475 735 3603 teuerlsseeenulrstrseete
747 3489 1180 3620 aetimasset

952 3591 960 3618 ‚
1169 3583 1180 3594 .
