2654 3924
375 228 443 282 nlo.
462 229 497 285 11.
517 227 594 285 onP.
613 235 718 285 ar-ae
737 236 753 295 s
772 235 884 285 ae-ea
1072 230 1137 294 325

127 375 224 460 plura
250 373 395 459 insignia
422 376 531 437 essent
556 373 675 457 inperii
702 373 737 438 in
764 373 868 439 libero
894 374 1019 459 populo
1042 396 1139 458 quarn

128 463 163 527 in
181 483 282 547 regno
301 462 449 527 fuissent.
485 460 583 525 Haud
601 461 771 526 mediocris
790 461 851 544 hie,
874 464 912 525 ut
930 483 991 548 ego
1011 461 1139 545 quidem

128 550 295 636 intelleg0,
323 550 373 616 rir
399 549 476 632 fuit,
505 550 561 633 qui
588 550 715 614 modica
742 549 895 614 libertate
918 549 1039 635 populo
1064 551 1140 615 data

128 638 256 704 facilius
275 639 381 703 tenuit
396 637 624 702 auctoritatem
638 638 829 723 principum.
857 636 970 721 Neque
985 659 1046 724 ego
1060 638 1140 705 haec

103 745 214 792 snunc
246 727 315 791 sine
347 748 445 792 causa
476 730 545 791 tam
574 731 685 791 vetera
713 727 807 791 vobis
835 729 869 791 et
895 729 965 791 tarn
993 727 1141 792 obsoleta

131 816 281 900 decanto,
302 815 306 896 Ι
327 814 384 880 sed
405 814 600 879 inlustribus
623 815 659 878 in
680 815 828 899 personis
851 814 1003 899 tempori·
1026 816 1068 896 [p.
1090 831 1140 880 186

131 904 255 988 busque
283 904 430 988 exempla
452 903 621 967 hominum
643 924 816 986 rerumque
838 903 971 986 definio,
994 903 1035 968 ad
1058 925 1140 988 quae

130 992 257 1076 reliqua
280 992 386 1056 oratio
410 991 576 1076 derigatur
599 1013 679 1055 mea.

197 1079 316 1145 Tenuit
344 1080 447 1165 igitur
473 1078 592 1145 hocin
615 1083 706 1144 statu
729 1084 861 1146 senatus
884 1103 953 1145 rem
975 1081 1140 1167 publicam
1150 1060 1194 1124 32

92 1187 118 1226 ιο
131 1168 335 1253 temporibus
357 1168 433 1252 illis,
455 1171 492 1232 ut
514 1168 549 1232 in
571 1167 692 1252 populo
714 1169 818 1233 libero
841 1192 943 1254 pauca
966 1191 1024 1255 per
1041 1192 1140 1255 popu·
1158 1139 1193 1188 ⁵⁶

131 1257 208 1340 lum,
231 1257 385 1342 pleraque
408 1260 540 1321 senatus
560 1256 754 1322 auctoritate
772 1260 806 1322 et
823 1256 975 1323 instituto
995 1281 1032 1324 ac
1050 1280 1140 1323 more

132 1351 334 1432 gererentur,
367 1349 465 1429 atque
497 1345 547 1410 uti
579 1345 727 1411 consules
757 1349 955 1430 potestatem
982 1347 1142 1412 haberent

131 1438 278 1518 tempore
301 1434 471 1499 dumtaxat
494 1455 643 1516 annuam,
663 1433 668 1516 Ι
689 1454 805 1519 genere
829 1435 900 1519 ipso
924 1457 961 1499 ao
979 1435 1048 1500 iure
1068 1437 1140 1516 [pt
1207 1442 1210 1446 ’

94 1628 118 1668 ‚⁶
131 1521 1064 1694 {brt.lttldtf&ttlttttlltttttttt
1086 1545 1141 1696 {t

131 1699 201 1785 puli
224 1699 357 1765 comitia
378 1721 419 1763 ne
443 1702 552 1763 essent
573 1702 655 1781 rata,
681 1699 746 1762 nisi
769 1720 807 1763 ea
829 1702 960 1784 patrum
984 1700 1141 1784 adproba-

131 1789 233 1853 visset
256 1788 442 1853 auctoritas.
480 1787 589 1871 Atque
612 1787 664 1852 his
682 1786 763 1872 ipsis
781 1787 983 1872 temporibus
1002 1788 1142 1854 dictator

118 1876 232 1940 etiam
264 1880 315 1940 est
346 1875 517 1941 institutus
549 1876 659 1940 decem
690 1874 758 1939 fere
792 1876 883 1941 annis
915 1880 992 1961 post
1019 1877 1141 1962 primos

132 1966 293 2049 consules,
321 1964 357 2029 T.
379 1964 526 2048 Larcius,
553 1985 737 2047 novumque
765 1964 798 2028 id
822 1985 923 2050 genus
946 1965 1075 2049 imperii
1097 1965 1144 2030 vi-

93 2070 119 2109 20
133 2074 205 2117 snm
224 2057 274 2117 est
288 2057 321 2117 et
339 2054 524 2138 proximum
542 2052 748 2117 similitudini
761 2053 879 2139 regiae.
907 2051 970 2118 Sed
985 2052 989 2139 l
1006 2058 1053 2118 ta·
1068 2055 1109 2134 [p.
1124 2071 1141 2119 o

132 2163 206 2206 rnen
238 2142 347 2207 omnia
379 2164 506 2207 summa
542 2163 615 2206 cum
653 2141 847 2206 austeritate
885 2164 905 2207 a
940 2141 1140 2227 principibus

131 2230 263 2295 cedente
282 2231 402 2315 populo
422 2231 625 2314 tenebantur,
648 2249 850 2316 magnaeque
869 2252 921 2295 res
939 2230 1141 2314 temporibus

130 2318 199 2384 illis
223 2341 242 2383 a
263 2319 453 2384 fortissimis
476 2319 556 2384 viris
580 2340 707 2383 summo
730 2318 867 2402 imperio
890 2318 1056 2402 praeditis,
1079 2319 1141 2384 dic·

131 2407 294 2472 tatoribus
318 2411 415 2492 atque
439 2407 635 2489 consulibus,
658 2406 738 2472 belli
761 2407 966 2492 gerebantur.

92 2511 119 2552 ⁹⁵
200 2494 263 2560 Sed
285 2495 332 2579 id,
360 2496 445 2580 quod
466 2496 538 2560 fieri
559 2499 678 2560 natura
700 2517 809 2560 rerum
832 2495 904 2580 ipsa
926 2496 1077 2581 cogebat,
1104 2501 1142 2561 ut
1151 2475 1195 2539 33

132 2584 316 2668 plusculum
348 2584 411 2648 sibi
439 2584 519 2648 iuris
547 2583 687 2668 populus
717 2583 910 2649 adscisceret
937 2584 1095 2648 liberatus
1123 2552 1195 2650 affl

132 2672 274 2757 regibus,
296 2693 363 2737 non
383 2672 482 2755 longo
501 2672 684 2754 intervallo,
708 2674 799 2736 sexto
818 2672 942 2737 decimo
960 2673 1028 2737 fere
1048 2694 1143 2758 anno,

132 2758 290 2824 Postumo
319 2756 475 2845 Oolminio
500 2757 552 2843 Sp.
577 2757 690 2823 Cassio
718 2760 904 2825 consulibus
932 2782 1040 2825 conse·
1064 2763 1141 2842 [pr

132 2850 226 2913 cutus
259 2850 323 2931 est;
354 2847 389 2912 in
421 2869 485 2931 quo
518 2847 620 2912 defuit
647 2847 787 2912 fortasse
814 2849 914 2933 ratio,
947 2848 1003 2915 sed
1032 2853 1143 2915 tamen

93 2951 119 2992 ³0
133 2935 234 3001 vincit
262 2934 335 3020 ipsa
357 2957 465 3000 rerum
488 2936 692 3021 publicarum
714 2939 833 3001 natura
855 2958 952 3023 saepe
975 2940 1143 3003 rationem.

132 3023 170 3089 Id
189 3023 275 3089 enim
294 3027 448 3108 tenetote,
472 3024 558 3108 quod
575 3024 670 3089 initio
691 3023 765 3105 dixi,
783 3025 847 3089 nisi
866 3026 1045 3109 aequabilis
1063 3027 1143 3092 haec

132 3113 168 3178 in
190 3112 322 3180 civitate
346 3113 555 3198 conpensatio
579 3112 623 3178 sit
647 3117 680 3177 et
702 3113 781 3176 iuris
806 3116 839 3177 et
862 3113 961 3179 officii
984 3118 1017 3179 et
1034 3137 1143 3180 mune·

133 3201 188 3285 ris,
211 3204 249 3267 ut
270 3205 305 3267 et
326 3201 501 3287 potestatis
525 3201 606 3266 satis
629 3200 664 3265 in
685 3201 935 3288 magistratibus
955 3206 988 3267 et
1007 3204 1144 3268 auctori-

136 3290 213 3354 tatis
236 3290 271 3355 in
292 3289 476 3376 principum
499 3289 635 3355 consilio
659 3293 692 3354 et
715 3289 878 3354 libertatis
897 3289 932 3354 in
949 3291 1071 3375 populo
1090 3291 1143 3375 sit,

92 3393 119 3436 ⁸⁵
132 3399 199 3442 non
230 3400 326 3463 posse
357 3379 443 3444 hunc
473 3374 782 3464 incommultabilem
811 3379 860 3443 rei
886 3379 1035 3464 publicae
1065 3381 1143 3461 [με

133 3468 319 3533 conservari
350 3472 482 3533 statum.
527 3465 614 3531 Nam
646 3489 719 3531 cum
751 3470 837 3531 esset
869 3489 907 3531 ex
936 3489 1009 3532 acre
1037 3468 1142 3532 alieno
1162 3479 1196 3530 58

133 3559 298 3621 commota
320 3556 448 3637 civitas,
471 3555 565 3639 plebs
588 3558 732 3620 montem
755 3575 883 3620 sacrum
905 3555 1005 3639 prius,
1031 3556 1144 3622 deinde
