2652 3908
397 193 464 250 LIB.
484 194 518 251 Π.
538 193 614 250 CAP.
634 200 748 251 52-54.
767 200 782 260 ᾗ
802 200 949 255 130-136.
1137 193 1180 257 95

168 338 397 426 tellegentium
424 359 522 404 causa
540 342 668 405 tantum
691 338 868 413 laborasse.
912 336 1056 413 Quorum
1078 337 1181 424 igitur

169 449 269 493 cansa
302 428 373 513 quis
406 427 523 492 dixerit
555 428 705 495 effectum
736 449 806 493 esse
839 427 1015 493 mundum?
1057 426 1180 492 Eorum

170 516 296 581 scilicet
322 516 552 600 animantium,
578 538 662 601 quae
689 515 815 582 ratione
843 520 987 581 utuntur.
1032 515 1077 580 Hi
1104 519 1181 580 sunt

170 604 204 668 di
228 604 441 688 ethemima,
464 604 581 689 quibus
604 605 750 690 profecto
772 604 856 671 nihil
875 610 925 671 cst
943 604 1073 688 melius3
1095 604 1180 668 ratio

141 698 223 758 rest
252 693 351 777 enim,
384 715 466 777 quae
497 696 643 778 praestet
673 694 831 761 omnibus
881 692 934 758 Ita
963 693 1002 758 fit
1028 692 1181 758 credibile

170 783 306 846 deorum
329 785 362 846 et
347 781 548 847 thominum
566 803 664 847 causa
681 781 805 848 factum
824 802 894 846 esse
913 781 1069 847 mundum
1087 802 1181 864 quae·

172 892 235 954 que
258 869 292 934 in
314 891 353 935 eo
377 870 524 951 [mundo]
548 870 615 934 sint
637 871 754 936 omnia
790 869 1022 954 Faciliusque
1013 891 1048 933 1n
1048 870 1181 956 t·ellege
1192 870 1234 937 54

171 962 227 1023 tur
255 981 274 1024 a
301 958 351 1023 dis
379 958 608 1024 inmortalibus
635 957 821 1025 hominibus
849 980 919 1023 esse
946 959 1126 1044 provisum,
1154 957 1182 1021 si

172 1047 236 1111 erit
262 1051 335 1112 tota
299 1046 502 1112 thominis
529 1045 702 1113 fabricatio
730 1051 901 1132 perspecta
929 1047 1098 1131 omnisque
1125 1046 1181 1110 hu·

132 1154 158 1193 10
172 1157 288 1200 manae
310 1139 447 1203 naturae
469 1136 576 1221 figura
599 1140 696 1220 atque
714 1135 878 1221 perfectio.
915 1134 1002 1200 Nam
1020 1158 1093 1201 cum
1112 1135 1167 1200 tri·
1186 1149 1233 1198 134

173 1224 236 1289 bus
267 1224 363 1289 rebus
393 1224 609 1291 animantium
637 1224 705 1289 vita
734 1227 896 1307 teneatur,
926 1223 1012 1309 cibo,
1040 1225 1182 1309 potione,

174 1312 302 1398 spiritu,
325 1312 366 1378 ad
388 1312 468 1378 haec
492 1313 601 1378 omnia
619 1313 825 1398 percipienda
842 1333 880 1377 os
898 1317 949 1377 est
967 1313 1182 1398 aptissimum,

174 1402 261 1487 quod
284 1400 443 1467 adiunctis
465 1401 599 1466 naribus
622 1400 740 1485 spiritu
763 1406 909 1487 augetur,
945 1400 1106 1465 Dentibus
1130 1423 1183 1465 au·

174 1495 243 1555 tem
270 1491 304 1554 iu
332 1511 387 1555 ore
414 1490 607 1555 constructis
635 1489 798 1554 manditur
821 1494 918 1573 atque
942 1490 997 1570 [ab
1020 1491 1072 1570 iis]
1097 1493 1183 1553 exte·

133 1597 160 1637 ιε
173 1581 295 1644 nuatur
317 1581 351 1643 et
373 1578 507 1643 molitur
530 1578 629 1643 cibus.
673 1577 797 1643 Eorum
820 1577 946 1643 adversi
969 1579 1056 1643 acuti
1074 1599 1183 1642 morsu

175 1666 323 1732 dividunt
351 1687 454 1750 escas,
483 1665 590 1732 intimi
619 1672 727 1731 autem
756 1666 942 1750 conficiunt,
972 1666 1027 1750 qui
1050 1665 1183 1752 genuini

174 1760 346 1838 vocantur,
375 1776 457 1838 quae
484 1754 642 1821 confectio
671 1756 769 1820 etiam
793 1776 813 1819 a
835 1755 949 1841 lingua
972 1754 1117 1819 adiuvari
1140 1753 1184 1818 vi·

176 1844 278 1909 detur.
323 1841 483 1929 Linguam
514 1847 623 1909 autem
653 1844 694 1908 ad
716 1842 840 1910 radices
869 1843 936 1908 eius
959 1842 1096 1907 haerens
1120 1856 1236 1907 err-135

175 1932 256 2018 cipit
279 1932 475 2017 stomachus,
498 1953 562 2016 quo
585 1932 726 2016 primum
749 1932 941 1997 inlabuntur
963 1953 1011 2015 ea,
1034 1953 1116 2016 quae
1135 1953 1184 1996 ac·

134 2038 161 2078 20
175 2025 273 2106 cepta
295 2024 372 2085 sunt
394 2042 458 2087 ore.
494 2019 527 2085 Is
545 2024 683 2104 utraque
702 2040 741 2085 ex
759 2025 853 2105 parte
871 2021 1000 2085 tosillas
1019 2021 1185 2106 attingens

174 2110 290 2195 palato
321 2113 464 2175 extremo
498 2112 594 2193 atque
626 2110 742 2174 intimo
769 2110 970 2174 terminatur.
1020 2108 1129 2193 Atque
1156 2110 1185 2173 is

175 2197 1186 2372 ttttttetluttltzljntttdtpttttttltttt

178 2397 247 2457 eae,
280 2396 362 2460 quac
385 2379 462 2440 sunt
483 2374 569 2439 infra
592 2396 689 2458 quam
711 2375 758 2457 id,
785 2375 871 2460 quod
894 2374 1081 2459 devoratur,
1107 2374 1186 2438 dila-

135 2480 162 2522 to
176 2468 304 2547 tantur,
334 2484 416 2547 quae
446 2468 555 2529 autem
582 2485 693 2549 supra,
722 2467 798 2530 cont
784 2463 965 2529 t.rahuntnr
1010 2461 1072 2529 Sed
1099 2476 1237 2528 cumrte

177 2575 296 2639 aspera
318 2553 439 2617 arteria
461 2551 522 2637 (sic
545 2552 631 2617 enim
654 2574 674 2617 a
696 2552 829 2618 medicis
848 2550 1047 2638 appellatur)
1066 2553 1186 2617 osium

176 2638 300 2708 habeat
318 2640 448 2707 adiunct
433 2644 504 2706 tum
522 2641 654 2726 linguae
671 2640 831 2707 radicibus
849 2641 948 2726 paulo
963 2662 1070 2726 supra,
1088 2661 1186 2725 quam

178 2731 220 2797 ad
242 2730 444 2816 lingnamst
413 2728 600 2795 stomachus
624 2728 814 2812 adnectitur,
837 2750 937 2812 eaque
959 2729 1000 2794 ad
1017 2729 1186 2814 pulmones

177 2840 282 2904 usque
304 2817 467 2902 pertineat
490 2818 693 2902 excipiatque
716 2819 867 2901 animam,
890 2838 962 2881 eam
986 2839 1067 2901 quae
1091 2817 1187 2882 ducta

137 2924 164 2966 ³0
179 2913 230 2975 est
252 2906 382 2993 spiritu,
411 2906 607 2991 eandemque
632 2929 651 2971 a
673 2905 879 2991 pulmonibus
904 2906 1040 2991 respiret
1062 2909 1096 2969 et
1118 2905 1186 2970 red·

178 2997 249 3081 dat,
282 2996 406 3083 tegitur
437 2996 577 3080 quodam
609 2996 701 3080 quasi
733 2995 898 3079 operculo,
932 2994 1018 3078 quod
1045 2994 1086 3060 ob
1115 3016 1186 3060 eam

178 3107 312 3152 causam
336 3084 448 3150 datum
471 3088 533 3168 est,
561 3106 615 3168 ne,
643 3085 671 3148 si
694 3083 771 3167 quid
794 3084 829 3147 in
852 3105 924 3148 eam
947 3083 1011 3149 cibi
1033 3083 1118 3148 forte
1141 3084 1188 3147 in·

179 3175 325 3256 cidisset,
358 3173 491 3259 spiritus
522 3172 741 3257 impediretur.
787 3169 850 3237 Sed
877 3194 949 3237 cum
978 3173 1043 3236 alvi
1070 3175 1187 3237 natura

179 3263 327 3328 subiecta
355 3261 522 3328 stomacho
552 3261 615 3327 cibi
643 3263 676 3325 et
703 3260 845 3346 potionis
873 3262 916 3325 sit
938 3261 1187 3346 receptaculum,

138 3367 165 3409 ³⁶
179 3351 351 3437 pulmones
380 3353 488 3415 autem
516 3353 550 3415 et
577 3371 632 3415 cor
660 3350 856 3419 extrinsecus
885 3350 1036 3435 spiritum
1059 3349 1188 3431 ducant,

179 3440 214 3504 in
242 3439 317 3505 alvo
337 3438 450 3515 ¹multa
476 3442 553 3521 sunt
580 3438 774 3504 mirabiliter
801 3439 927 3522 effecta,
955 3460 1037 3523 quae
1059 3440 1188 3504 constat

181 3529 247 3593 fere
271 3550 288 3592 e
312 3526 429 3592 nervis.
469 3527 532 3593 Est
554 3530 663 3591 autem
681 3527 853 3610 multiplex
872 3531 905 3591 et
922 3529 1070 3592 tortuosa
1089 3529 1188 3590 arcet·
