2652 3920
366 201 434 257 affl.
453 203 488 258 Π.
512 202 588 258 cnr.
609 208 722 259 14-17.
745 208 893 269 saa-es.
1070 203 1137 270 209

124 345 991 503 {thatttttttthllthtatt’‚tl
1004 351 1137 522 ’3θῖἔὲ

125 523 200 590 citis
223 524 330 589 aleam
353 523 516 610 quandam
538 545 610 590 csse
632 523 667 589 in
689 524 807 589 hostiis
831 523 1024 611 deligendis,
1045 547 1136 611 prac-

126 612 239 679 sertim
260 634 334 679 cum
356 633 409 678 res
430 613 504 698 ipsa
527 611 662 679 doceat?
696 610 778 678 Oam
802 612 888 678 enim
909 612 1135 695 [tristissuma]

98 704 210 775 sexta,
225 699 294 767 sinc
317 700 424 786 capite
445 700 586 785 fuerunt,
610 701 726 786 quibus
749 700 832 766 nihil
856 701 984 766 videtur
1002 722 1072 767 esse
1091 701 1136 767 di·

125 789 208 873 rius,
235 811 395 875 proxuma
415 788 526 855 hostia
547 789 663 854 litatur
686 811 782 874 saepe
804 789 1029 875 pulcherrime.
1069 787 1136 856 Ubi

13 934 17 943 ,
126 878 229 964 igitur
251 877 329 944 illae
347 876 454 943 minas
473 877 676 964 superiorum
695 879 867 944 extorum?
890 882 947 944 aut
965 899 1048 963 quae
1066 881 1134 944 tam

127 966 236 1032 subito
258 965 347 1032 facta
369 969 420 1031 est
443 965 575 1033 deorum
598 969 694 1032 tanta
715 966 880 1051 placatio?

194 1052 256 1119 Sed
279 1053 387 1120 adfers
405 1052 440 1120 in
458 1054 546 1121 tauri
564 1054 666 1140 opimi
684 1055 767 1120 extis
785 1053 977 1121 immolante
996 1053 1135 1122 Caesare
1147 1055 1190 1120 16

87 1160 113 1201 ιο
126 1164 182 1209 cor
212 1164 278 1209 non
308 1143 424 1227 fuisse3
458 1142 493 1210 id
525 1143 602 1229 quia
631 1164 698 1209 non
730 1144 875 1229 potuerit
906 1142 1063 1229 accidere,
1099 1147 1136 1210 ut

126 1231 195 1296 sine
218 1230 314 1297 corde
336 1231 480 1298 victuma
501 1232 561 1298 illa
583 1231 720 1316 viveret,
742 1231 948 1298 iudicandum
971 1254 1041 1298 esse
1065 1237 1135 1298 turn

126 1319 276 1386 interisse
304 1341 373 1404 cor,
400 1340 473 1386 oum
496 1320 730 1386 immolaretur.
772 1319 834 1396 Qui
856 1320 908 1406 fit,
935 1323 974 1385 ut
996 1321 1135 1387 alterum
1155 1334 1188 1384 3'1

126 1408 309 1496 intellegas,
332 1407 402 1473 sine
420 1408 515 1475 corde
532 1430 599 1475 non
617 1408 763 1494 potuisse
781 1409 898 1475 hovem
916 1408 1034 1494 vivere,
1057 1410 1136 1476 alta
1298 1396 1306 1413 ⁶

125 1519 199 1563 rum
225 1519 292 1562 non
318 1497 442 1581 videas,
469 1519 525 1563 cor
551 1496 661 1563 subito
683 1519 750 1563 non
771 1496 917 1583 potuisse
938 1498 1048 1563 nescio
1072 1519 1136 1583 quo

87 1601 113 1642 ¹⁶
127 1585 282 1652 avolare?
316 1583 390 1673 Ego
414 1584 500 1650 enim
523 1607 657 1672 possum
679 1585 732 1651 vel
754 1585 891 1671 nescire,
915 1606 996 1670 quac
1020 1584 1070 1652 vis
1092 1586 1137 1651 sit

126 1674 233 1741 cordis
261 1673 302 1739 ad
329 1673 517 1758 vivendum,
543 1674 595 1740 vel
619 1674 777 1760 suspicari
800 1677 1002 1740 contractum
1025 1675 1136 1759 aliquo

126 1763 241 1829 morbo
264 1762 358 1828 bovis
381 1762 464 1827 exile
488 1767 521 1828 et
544 1761 696 1849 exiguum
719 1766 753 1828 et
774 1761 898 1828 vietum
919 1785 975 1829 cor
993 1766 1026 1828 et
1045 1763 1137 1828 dissi·

127 1851 204 1916 mile
230 1849 337 1917 cordis
364 1849 479 1936 fuisse3
506 1854 544 1916 tu
565 1872 642 1917 vero
667 1850 744 1935 quid
765 1850 881 1935 hahes,
909 1873 1009 1936 quare
1031 1856 1137 1938 putes,

127 1939 156 2005 si
178 1939 277 2028 paulo
301 1943 376 2004 ante
399 1961 455 2006 cor
476 1938 576 2006 fuerit
597 1939 633 2005 in
654 1943 749 2005 tauro
773 1939 891 2026 opimo,
915 1940 1024 2006 subito
1046 1939 1080 2006 id
1101 1940 1137 2005 in

86 2028 200 2113 aipsa
225 2027 450 2093 immolatione
476 2027 650 2094 interisse?
683 2050 726 2094 an
752 2028 838 2113 quod
860 2028 988 2114 aspexit
1014 2028 1136 2095 vestita

150 2138 289 2202 urpureo
308 2117 477 2183 excordem
491 2113 673 2201 Gaesarem,
694 2116 765 2202 ipse
783 2116 878 2182 corde
895 2116 1045 2203 privatus
1064 2118 1135 2183 est?

126 2140 250 2271 dlrhem
267 2204 505 2291 philosophiae,
523 2204 605 2270 mihi
623 2204 725 2290 crede,
742 2205 891 2291 proditis,
910 2206 985 2271 dum
999 2207 1137 2273 castella

127 2293 313 2378 defenditis,
334 2315 421 2378 nam,
444 2293 521 2360 dum
543 2293 785 2380 haruspicinam
807 2315 918 2359 veram
937 2316 1008 2360 esse
1025 2296 1137 2379 vultis,

126 2381 369 2469 physiologiam
392 2384 499 2447 totam
521 2382 718 2468 pervertitis.
763 2380 871 2469 Caput
893 2386 943 2448 est
965 2383 999 2449 in
1021 2382 1136 2469 iecore,

86 2485 113 2526 2⁵
127 2492 183 2536 cor
204 2470 240 2535 in
263 2470 361 2556 extis3
382 2472 449 2536 iam
472 2470 633 2554 abscedet,
655 2470 753 2536 simul
777 2493 814 2537 ac
832 2472 951 2537 molam
973 2474 1007 2537 et
1024 2472 1135 2538 vinum

126 2558 333 2644 insperseris3
362 2559 440 2624 deus
467 2558 501 2624 id
529 2558 658 2645 eripiet,
687 2558 737 2625 vis
767 2559 878 2644 aliqua
904 2560 1052 2626 conficiet
1079 2565 1137 2627 aut

127 2646 250 2712 exedat.
284 2645 361 2712 Non
383 2668 461 2734 ergo
485 2647 629 2713 omnium
653 2651 744 2714 ortus
768 2651 865 2733 atquc
888 2647 997 2713 obitus
1018 2652 1137 2715 natura

88 2737 91 2743 ’
127 2733 288 2819 conficiet,
311 2738 345 2799 et
372 2735 434 2800 erit
461 2735 598 2820 aliquid,
626 2735 712 2820 quod
739 2739 797 2802 aut
824 2758 862 2801 ex
884 2736 988 2801 nihilo
1012 2737 1136 2803 oriatur

128 2825 186 2888 aut
216 2821 250 2887 in
281 2821 420 2888 nihilum
452 2824 561 2889 subito
599 2824 733 2890 occidat.
778 2822 858 2900 Quis
891 2824 954 2891 hcc
982 2824 1136 2911 physicus

86 2928 114 2969 ⁸⁰
128 2911 210 2977 dixit
240 2912 418 2995 umquam?
448 2910 638 2999 haruspices
670 2913 793 2998 dicunt3
824 2912 876 2978 his
907 2912 1011 3000 igitur
1038 2936 1135 3000 quam

127 2998 271 3086 physicis
289 2998 481 3065 credendum
498 3000 609 3087 potius
628 3000 825 3067 existumas?
846 2999 952 3077 Quid?
975 3024 1048 3069 cum
1065 3004 1136 3089 plu.
1147 2981 1189 3109 13}

126 3087 218 3153 ribus
245 3087 315 3154 deis
341 3087 544 3174 immolatur,
572 3087 627 3174 qui
654 3089 785 3155 tandem
813 3089 934 3174 evenit,
963 3094 1001 3157 ut
1023 3091 1136 3160 litetur

128 3176 211 3261 aliis,
228 3176 301 3243 aliis
315 3198 382 3242 non
396 3176 532 3242 litetur?
550 3198 633 3261 quae
647 3181 757 3244 autem
769 3177 990 3245 inconstantia
1003 3179 1136 3248 deorum

128 3270 188 3350 est,
209 3269 247 3332 ut
269 3265 384 3352 primis
407 3265 572 3332 minentur
594 3267 687 3351 extis,
708 3266 791 3332 benc
813 3267 1009 3353 promittant
1027 3289 1137 3335 secun·

87 3369 114 3412 ³⁶
129 3354 201 3420 dis?
228 3358 285 3421 aut
306 3357 402 3420 tanta
423 3353 509 3420 inter
531 3375 587 3419 cos
611 3354 782 3440 dissensio,
809 3377 905 3442 saepe
929 3354 1028 3422 etiam
1050 3357 1137 3424 inter

126 3463 317 3529 proxumos,
346 3446 384 3509 ut
406 3441 571 3529 Apollinis
599 3447 674 3510 exta
699 3443 787 3509 hona
814 3443 894 3529 sint,
922 3442 1048 3510 Dianae
1069 3467 1137 3511 non

126 3531 236 3598 bona?
272 3528 355 3607 Quid
378 3536 428 3597 est
451 3536 521 3599 tam
542 3531 749 3619 perspicuum
773 3553 880 3617 quam,
903 3554 976 3599 cum
997 3531 1136 3598 fortuito

180 3643 234 3686 oro.
248 3643 290 3688 ιν.
304 3646 323 3687 a.
886 3640 920 3690 14
