2652 3920
373 207 442 265 tle.
461 208 496 267 11.
523 209 599 266 aar.
619 217 732 267 aa-ee.
757 216 904 279 see-sa
1078 211 1145 279 215

136 352 243 421 cisse?
275 349 338 419 Sed
368 373 429 440 ego
457 351 663 440 insipientior
690 376 789 440 quam
814 353 866 420 illi
891 354 968 440 ipsi,
995 355 1051 441 qui
1079 355 1146 423 ista

24 508 44 522 Α,
136 441 281 525 credunt,
304 439 361 526 qui
383 441 650 526 quidamcontra
673 464 733 512 eos
750 445 820 509 tam
843 442 905 518 diu,
921 443 1092 529 disputem

135 614 137 617 Ι
201 528 306 611 Vetus
335 534 445 595 autem
472 529 555 596 illud
577 529 712 597 Catonis
739 531 912 607 admodum
940 533 1058 601 scitum
1085 535 1201 618 est,24

137 617 193 703 qui
216 617 329 684 mirari
351 638 386 683 se
409 618 531 702 aiebat,
554 619 641 704 qnod
661 641 728 685 non
749 620 870 685 rideret
892 618 1067 707 haruspex,
1089 621 1145 689 ha·

107 707 297 792 aruspicem
320 728 394 772 cnm
416 706 559 787 uidisset.
596 705 704 784 Quota
725 707 811 774 enim
834 729 979 793 quaeque
1001 731 1052 781 res
1076 732 1145 776 eve·
1163 723 1197 774 aa

135 794 186 859 nit
208 794 375 880 praedicta
397 795 441 861 ab
462 795 563 862 istis?
583 800 653 881 aut,
680 796 711 862 si
733 796 841 862 evenit
863 797 1044 883 quippiam,
1068 799 1146 884 quid

136 881 256 948 adferri
278 887 398 970 potest,
421 906 477 950 cur
495 906 562 950 non
579 907 657 951 casu
674 885 710 950 id
728 885 892 951 evenerit?
918 885 989 959 Rex
1003 886 1145 970 Prusias,

134 993 210 1038 cum
232 970 415 1038 Hannibali,
439 972 524 1059 apud
552 995 625 1055 eum
653 973 815 1039 exsulanti
838 974 1018 1061 depugnari
1039 976 1145 1061 place·

135 1063 201 1144 ret,
222 1060 367 1147 negabat
389 1082 424 1126 se
447 1061 573 1145 audere,
596 1061 682 1146 quod
705 1066 780 1127 exta
801 1062 1021 1147 prohiberent.
1058 1063 1145 1129 ‘Ain

95 1145 216 1214 rotu?'
243 1148 365 1233 inquit,
396 1148 648 1234 ‘carunculae
669 1150 861 1217 vitulinae
888 1152 1012 1218 mavis
1033 1173 1144 1237 quam

135 1236 365 1323 imperatori
396 1237 522 1303 veteri
552 1237 746 1304 credere?’
785 1236 890 1314 Quid?
921 1239 994 1325 ipse
1024 1238 1144 1307 Caesar

135 1347 210 1397 cum
239 1347 260 1390 a
289 1346 416 1390 summo
446 1325 617 1411 haruspice
644 1330 842 1410 moneretur,
868 1349 909 1392 ne
936 1329 972 1393 in
997 1322 1144 1405 Africam

135 1417 211 1479 ante
238 1413 389 1498 brumam
411 1414 663 1500 transmitteret,
691 1436 799 1480 nonne
822 1417 1027 1483 transmisit?
1047 1419 1145 1503 vquod

9 1508 10 1511 ’
133 1501 170 1567 ni
194 1498 339 1587 fecisset,
367 1524 431 1567 uno
457 1502 493 1567 in
519 1504 592 1569 loco
615 1524 727 1568 omnes
750 1502 1013 1581 adversariorum
1031 1506 1144 1591 copiae

92 1606 121 1673 ,ιφ
135 1590 371 1677 convenissent.
407 1587 491 1671 Quid
514 1612 575 1678 ego
597 1591 807 1677 haruspicum
828 1613 987 1677 responsa
1008 1616 1145 1660 comme·

134 1676 260 1761 rnorem
278 1675 428 1766 (possum
447 1679 598 1763 equidem
612 1678 885 1766 innumerabilia),
903 1703 986 1767 quae
1004 1687 1062 1758 aut
1074 1683 1144 1749 nul·

134 1762 186 1851 los
208 1766 384 1833 habuerint
406 1767 512 1834 exitus
535 1771 593 1833 aut
614 1768 818 1835 contrarios?
849 1768 922 1836 Hoc
939 1770 1031 1854 civili
1046 1772 1144 1856 bello,
1162 1782 1196 1832 53

134 1854 168 1920 di
194 1853 398 1927 inmortales!
427 1877 525 1941 quam
552 1856 658 1925 multa
683 1857 845 1927 luserunt!
877 1879 959 1943 qnae
984 1859 1083 1935 nobis
1109 1860 1145 1926 in

52 1959 59 1971 ·
135 1941 305 2029 Graeciam
337 1943 446 2012 Roma
479 1967 637 2030 responsa
670 1945 879 2032 haruspicum
904 1946 1018 2025 ¹missa
1044 1950 1143 2021 sunt!

20 2077 23 2081 J
93 2049 122 2090 ro
136 2029 217 2116 quae
249 2031 336 2098 dicta
362 2030 532 2119 Pompeio!
564 2034 683 2112 etenim
712 2034 769 2100 ille
798 2035 972 2117 admodum
999 2036 1083 2111 extis
1110 2040 1164 2107 et'

134 2122 274 2193 ostentis
306 2122 507 2199 movebatur.
555 2119 633 2188 Non
663 2123 754 2189 lubet
784 2145 1052 2210 commemorare,
1084 2148 1144 2195 nec

133 2204 210 2275 vero
232 2231 362 2275 necesse
381 2214 441 2296 est,
462 2210 524 2276 tibi
542 2211 743 2296 praesertim,
766 2212 822 2297 qui
838 2212 1031 2300 interfuisti,
1052 2214 1142 2281 vides

9 2326 10 2331 ¹
134 2296 249 2363 tamen
267 2298 377 2365 omnia
398 2297 466 2365 fere
489 2303 612 2384 contra,
635 2321 673 2366 ac
691 2300 871 2386 dictasint,
894 2302 1048 2369 evenisse.
1080 2302 1143 2369 Sed

134 2385 213 2452 haec
235 2385 407 2471 hactenus3
428 2409 514 2467 nunc
535 2387 579 2454 ad
601 2392 730 2454 ostenta
752 2389 936 2471 veniamus·
988 2460 992 2469 ,
1056 2450 1059 2459 Δ
1153 2441 1191 2504 2,

93 2491 120 2555 n
199 2473 306 2540 Multa
324 2497 375 2541 me
393 2476 525 2561 consule
544 2499 565 2542 a
576 2476 654 2541 mei
678 2498 714 2542 so
728 2477 853 2563 scripta
864 2478 1020 2563 recitasti,
1039 2480 1143 2547 multa
1161 2461 1195 2567 ἐξ

134 2565 209 2627 ante
241 2561 423 2635 Marsicum,
446 2564 570 2630 bellum
602 2586 622 2630 a
653 2500 789 2631 disenua
820 2566 960 2637 collecta
990 2568 1143 2654 attulisti,

104 2703 106 2709 ,
135 2650 238 2714 multa
259 2656 337 2733 ante
349 2650 676 2732 Lacedaemoniorum
695 2653 816 2729 malam
834 2676 981 2741 pugnam
997 2656 1032 2724 in
1044 2655 1143 2724 Leuc

135 2736 225 2802 tricis
251 2760 272 2804 a
299 2736 498 2806 Callisthene
526 2748 778 2815 commemorata
805 2743 930 2828 dixisti,
958 2744 1143 2829 dequibus

134 2826 239 2891 dicam
265 2827 414 2912 equidem
440 2828 594 2916 singulis,
622 2830 729 2914 quoad
750 2830 933 2916 uidebiturp
958 2832 1015 2898 sed
1038 2833 1142 2901 dicen

93 2915 211 3000 sudum
238 2915 338 2981 etiam
365 2920 415 2982 est
442 2917 480 2982 de
508 2918 677 2983 universis.
722 2916 812 2994 Quae
839 2926 890 2985 est
917 2920 1002 2987 enim
1029 2921 1097 2988 iste
1121 2945 1143 2990 a

133 3002 201 3071 deis
223 3003 371 3095 profecta
393 3005 589 3092 significatio
612 3010 646 3072 et
668 3007 762 3091 quasi
786 3006 989 3075 denuntiatio
1012 3010 1143 3076 calami-

132 3092 261 3158 tatum?
289 3092 366 3178 quid
392 3098 501 3160 autem
527 3095 643 3160 volunt
670 3094 703 3160 di
724 3095 916 3163 inmortales
938 3097 1081 3184 primum
1103 3121 1143 3166 ea

132 3180 367 3269 significantes,
387 3204 482 3268 ,quae
514 3183 584 3249 sine
615 3182 849 3270 interpretibus
880 3207 946 3251 non
977 3187 1157 3271 possimne

131 3269 337 3358 intellegere,
365 3271 478 3337 deinde
503 3292 557 3355 ea,
585 3292 667 3356 quae
693 3294 808 3338 cavere
834 3275 1054 3360 nequeamus?
1094 3274 1142 3342 At

92 3355 193 3437 ucho'c
219 3358 434 3456 ne'nhomines
463 3359 593 3444 quidem
615 3360 711 3462 probi
732 3360 870 3447 faciunt,
898 3365 937 3464 ut
959 3363 1073 3464 amicis
1094 3364 1142 3430 in·

129 3445 1140 3626 tettffllttlttttlttttffitclttdlultcdt
