2652 3920
368 188 437 244 nra.
455 190 490 247 11.
515 189 592 246 cnr.
611 195 726 246 caso.
750 195 916 256 ssa-104.
1081 187 1148 254 233

134 335 197 400 hoc
220 333 329 400 modo:
353 331 408 399 ‘Si
430 337 521 399 sunt
543 332 726 418 (linoque
749 337 838 399 ante
861 332 1066 400 declarant
1083 332 1149 400 ho·

134 421 319 505 minibus,
351 443 447 508 quae
477 422 612 488 futura
644 422 739 505 sint,
771 426 839 488 act
868 443 945 488 non
977 421 1149 509 diligunt

134 510 311 577 homines
330 514 410 595 aut,
433 510 525 596 quid
543 513 769 576 eventurum
788 510 854 595 sit,
875 509 1062 597 ignorant
1081 514 1149 576 aut

135 599 374 664 existumant
391 598 493 663 nihil
510 599 703 664 interesse
716 599 912 664 hominum
926 599 1040 683 scire,
1058 598 1148 684 qnid

108 688 190 752 osit
207 687 395 772 futurum,
414 692 480 752 ant
497 708 574 753 non
591 691 749 753 censent
763 708 846 752 esse
860 709 952 753 suae
965 688 1148 754 maiesta-

135 777 188 841 tis
203 776 530 863 praesignificare
544 776 780 860 hominibus,
795 797 890 860 quae
904 780 994 842 sunt
1006 775 1149 860 futura,

136 868 203 931 aut
232 886 276 930 ea
304 886 350 930 ne
379 864 457 950 ipsi
485 863 636 949 quidem
659 864 697 930 di
716 863 948 950 significare
970 868 1148 951 possunt3

136 957 176 1019 at
200 975 320 1038 neque
342 974 419 1019 non
441 953 615 1040 diligunt
637 974 706 1019 nos
730 949 835 1039 (sunt
853 953 952 1019 enim
970 953 1201 1020 beneficiroz

136 1041 346 1129 generique
368 1042 567 1108 hominum
589 1038 718 1127 amici)
741 1062 863 1126 neque
886 1042 1076 1128 ignorant
1093 1063 1149 1126 ea,

97 1146 233 1216 roquos
269 1130 316 1195 ab
348 1130 448 1216 ipsis
480 1130 702 1196 constituta
734 1134 772 1194 et
804 1129 1013 1216 designata
1044 1135 1149 1199 sunta

136 1240 259 1303 neque
285 1223 423 1284 nostra
447 1218 551 1284 nihil
573 1219 742 1283 interest
765 1218 865 1302 scire
888 1239 945 1303 ea,
972 1240 1069 1304 quae
1091 1219 1146 1285 fu·

136 1310 225 1373 tura
247 1311 351 1392 sunt,
373 1303 531 1393 (erimus
555 1306 656 1371 enim
678 1307 894 1391 cautiores,
917 1306 950 1371 si
968 1306 1149 1395 sciemus)

135 1417 258 1479 neque
280 1396 353 1462 hoc
370 1395 540 1462 alienum
559 1394 704 1462 ducunt
721 1394 930 1460 maiestate
949 1416 1016 1460 sua
1034 1393 1148 1483 (nihil

137 1488 196 1551 est
219 1484 320 1550 enim
342 1483 610 1551 beneficentia
631 1482 916 1569 praestantius)
934 1505 1056 1569 neque
1073 1506 1149 1550 non

99 1590 122 1629 1⁵
136 1577 301 1659 possunt
322 1573 460 1638 futura
474 1592 746 1660 praenoscere,
767 1593 843 1638 non
861 1572 984 1658 igitur
1003 1571 1041 1637 di
1059 1577 1150 1637 sunt

136 1683 205 1727 nec
236 1661 471 1747 significant
501 1661 615 1726 nobis
647 1659 795 1745 futura,
827 1663 917 1725 sunt
944 1665 1071 1726 autem
1099 1660 1148 1745 di3

137 1749 373 1837 significant
395 1770 502 1836 ergo,
525 1753 563 1815 et
583 1770 673 1834 non,
696 1749 729 1813 si
752 1747 985 1834 significant
1002 1748 1149 1834 futura,

137 1838 267 1904 nullas
308 1837 401 1904 dant
440 1837 524 1903 vias
564 1838 678 1903 nobis
720 1837 766 1902 ad
807 1836 1148 1924 significationum

138 1926 342 1993 scientiam
370 1925 533 2013 (frustra
560 1927 658 1992 enim
688 1923 981 2012 significarent)
1004 1948 1088 2010 nec,
1115 1926 1149 1991 si

97 2015 230 2081 rodant
256 2014 356 2100 vias,
387 2036 463 2080 non
489 2018 550 2081 est
577 2014 787 2099 divinatis,
818 2017 878 2080 est
905 2014 1031 2100 igitur
1053 2014 1150 2081 divi·

136 2102 268 2170 natio.'
308 2102 336 2169 0
359 2107 472 2170 acutos
494 2103 657 2170 homines!
680 2125 778 2188 quam
800 2101 912 2188 paucis
935 2102 1044 2168 verbis
1067 2117 1202 2170 con-10³

136 2191 259 2258 fectum
276 2193 447 2279 negotium
463 2194 596 2278 putant!
618 2214 657 2257 ea
675 2194 809 2257 sumunt
826 2191 868 2256 ad
886 2191 1150 2278 concludendum,

137 2303 276 2367 quorum
297 2282 338 2345 iis
359 2281 442 2347 nihil
460 2280 655 2347 conceditur.
692 2278 865 2346 Conclusio
885 2282 995 2346 autem
1012 2281 1151 2347 rationis

137 2392 177 2436 ea
198 2369 366 2456 probanda
389 2374 448 2454 est,
470 2370 506 2435 in
528 2391 593 2454 qua
615 2391 654 2434 ex
672 2369 770 2433 rebus
787 2390 855 2434 non
872 2368 979 2434 dubiis
997 2369 1041 2454 id,
1063 2370 1151 2455 quod

97 2477 125 2517 as
138 2457 316 2542 dubitatur,
338 2458 487 2523 efficitur.

204 2545 346 2612 Videsne
363 2545 549 2632 Epicurum,
572 2568 669 2629 quem
690 2544 843 2611 hebetem
862 2549 896 2611 et
913 2545 1026 2610 rudem
1044 2545 1204 2614 dicerehO

139 2635 247 2699 solent
264 2632 375 2719 Stoici,
398 2656 495 2721 quem
517 2634 558 2700 ad
580 2633 721 2717 modum,
745 2634 832 2718 quod
852 2634 888 2699 in
904 2638 1024 2701 natura
1041 2655 1150 2700 rerum

139 2744 247 2788 omne
279 2743 350 2788 esse
382 2722 531 2806 dicimus,
568 2722 602 2787 id
633 2722 797 2787 infinitum
829 2743 900 2788 esse
933 2723 1150 2788 concluserit?

140 2810 261 2887 ‘Quod
290 2810 449 2877 finitum
479 2810 564 2895 est',
598 2810 718 2896 inquit,
751 2811 885 2877 ‘habet
917 2810 1151 2876 extremum?

98 2919 124 2959 so
139 2899 217 2976 Quis
241 2900 303 2966 hoc
321 2921 387 2965 non
406 2900 551 2966 dederit?
589 2898 711 2975 ‘Quod
734 2903 861 2964 autem
884 2899 1003 2966 habet
1026 2901 1150 2965 extre·

139 3011 251 3071 mum,
273 2987 312 3052 id
330 2988 503 3054 cernitur
522 3010 564 3053 ex
583 2988 662 3054 alio
682 2987 947 3053 extrinsecus?
983 2986 1055 3055 Hoc
1074 3010 1151 3074 quo·

139 3100 201 3163 que
222 3080 273 3143 est
290 3076 538 3143 concedendum.
576 3075 652 3161 nt,
675 3076 773 3161 quod
796 3097 907 3141 omne
924 3079 997 3160 est,
1019 3076 1058 3143 id
1076 3098 1152 3143 non

4 3200 5 3211 κ
138 3166 312 3232 cernitur
347 3186 392 3231 ex
423 3165 502 3231 alio
535 3163 800 3230 extrinsecus?
845 3162 896 3229 Ne
927 3165 990 3230 hoc
1022 3165 1151 3252 quidem

138 3255 253 3341 negari
281 3258 400 3339 potest.
444 3252 570 3320 ‘Nihil
597 3253 720 3340 igitur
746 3276 830 3319 cum
856 3252 1001 3319 habeat
1027 3258 1151 3320 extre·

98 3360 252 3427 comum,
284 3342 489 3410 infinitum
520 3343 574 3408 sit
601 3363 758 3409 necesse
789 3340 870 3408 est'
915 3340 1071 3428 Videsne,
1101 3347 1139 3408 ut
1155 3355 1205 3403 104

139 3432 182 3498 ad
200 3453 270 3497 rem
288 3432 420 3497 dubiam
438 3452 460 3496 c
477 3430 639 3497 concessis
657 3431 753 3496 rebus
771 3430 977 3517 pervenerit?
1004 3429 1077 3496 Hoc
1094 3452 1153 3496 vos
1190 3461 1193 3467 ·

139 3519 302 3586 dialectici
331 3543 399 3586 non
426 3519 549 3598 facitis,
578 3540 638 3584 nec
664 3518 771 3584 solum
799 3540 837 3584 ea
864 3540 930 3585 non
958 3519 1088 3585 sumitis
1112 3518 1153 3583 ad
