2652 3908
164 205 209 270 92
473 204 523 258 Dll
541 204 693 260 NATURA
710 204 865 260 DEORUM

165 348 302 415 levatur.
338 347 434 416 Basis
458 352 567 415 autem
589 349 758 437 trianguli,
781 371 877 435 quem
900 349 1045 416 efficiunt
1068 369 1181 437 grues,

165 458 204 503 aa
222 440 389 523 tamquam
408 461 429 505 a
445 439 548 525 puppi
566 439 671 504 ventis
691 437 870 522 adiuvatur,
889 459 1009 524 eaeque
1026 437 1062 502 in
1079 442 1180 524 tergo

164 526 425 610 praevolantium
457 527 543 593 colla
574 529 608 592 et
639 527 748 612 capita
776 529 951 612 reponunt3
983 526 1071 612 quod
1099 525 1181 611 quio

164 613 236 698 ipse
258 614 322 680 dux
343 614 451 682 facere
472 636 539 680 non
561 618 681 700 potest,
704 615 781 700 quia
802 615 995 699 nonhabet,
1016 614 1074 680 ubi
1091 614 1180 680 nita·

165 706 233 786 tur,
259 703 401 788 revolat,
427 706 466 770 ut
486 703 558 789 ipsa
580 724 708 788 quoque
731 703 890 788 quiescat3
916 703 952 768 in
974 702 1043 769 eius
1066 702 1180 769 locum
1207 721 1220 763 a

166 791 308 856 succedit
329 812 369 857 ex
390 790 446 876 iis,
471 812 553 876 quaa
576 791 783 877 adquierunt,
805 812 906 877 eaque
928 790 1119 857 vicissitudo
1142 790 1180 855 in

115 894 165 943 rso
180 878 269 944 omni
296 900 392 945 cursu
418 883 638 946 conservatur.
663 878 793 945 ‘Multo
819 879 888 946 eius
915 878 1004 945 modi
1028 878 1180 964 proferre

166 987 309 1052 possum,
330 967 387 1033 sed
405 987 508 1054 genus
525 967 634 1053 ipsum
651 965 777 1034 videtis.
811 966 884 1034 Iam
901 989 979 1034 vero
997 967 1057 1033 illa
1074 967 1179 1033 etiam

165 1054 309 1139 notiora,
341 1061 463 1140 quanto
496 1077 531 1120 se
562 1077 659 1142 opere
691 1055 876 1122 custodiant
907 1054 1045 1139 bestiae,
1075 1056 1179 1121 utin

113 1147 157 1212 50
166 1146 264 1227 pastu
286 1143 564 1230 circumspectant,
585 1148 623 1210 ut
644 1143 680 1209 in
702 1144 862 1210 cubilibus
886 1143 1079 1210 delitiscunt.
1116 1143 1178 1208 Ae
1194 1163 1222 1202 ro

167 1252 229 1316 que
250 1231 311 1298 illa
332 1231 504 1316 mirabilia,
527 1233 614 1318 quod
637 1230 690 1319 (ea
708 1254 790 1317 quae
806 1253 919 1318 nuper,
941 1232 976 1297 id
993 1235 1044 1298 est
1062 1232 1178 1317 paucis

167 1323 244 1384 ante
271 1320 399 1404 saeclis,
426 1320 623 1386 medicorum
645 1320 786 1407 ingeniis
807 1324 938 1407 reperto
960 1318 1050 1407 sunt)
1072 1321 1177 1385 vomi·
1308 1358 1309 1389 ι

167 1408 255 1473 tione
285 1430 394 1493 canes,
422 1412 601 1496 purgantes
631 1413 742 1474 autem
772 1408 864 1475 alvos
891 1408 962 1474 ibes
989 1408 1177 1494 Aegyptiae
1308 1448 1309 1469 ι

167 1500 330 1563 curantur.
340 1496 499 1563 Auditum
535 1500 586 1562 est
616 1495 806 1583 pantheras,
843 1518 925 1581 quaa
955 1496 991 1561 in
1021 1497 1198 1562 barbaria
1298 1490 1309 1539 ’ἶ

166 1590 326 1652 venenata
344 1607 439 1652 carne
457 1588 657 1671 caperentur,
675 1585 851 1650 remedium
870 1584 1032 1670 quoddam
1044 1583 1178 1669 habere,
1192 1603 1221 1643 ιι
1308 1596 1309 1669 ξ

122 1687 125 1691 ’
167 1695 231 1757 quo
254 1695 327 1740 cum
350 1677 458 1740 essent
480 1695 574 1758 usae,
598 1694 665 1739 non
688 1676 905 1757 morerentur3
927 1694 1041 1759 capras
1065 1678 1177 1739 autem
1308 1676 1309 1739 l

165 1762 200 1826 in
223 1759 322 1828 Orata
343 1761 440 1847 feras,
462 1783 535 1828 cum
558 1765 667 1828 essent
685 1761 828 1827 confixae
845 1760 1014 1827 venenatis
1033 1761 1177 1848 sagittis,
1308 1746 1309 1789 ³

166 1850 302 1916 herbam
317 1872 479 1935 quaerere,
498 1872 580 1934 quaa
594 1850 775 1915 dictamnus
789 1853 968 1933 vocaretur,
990 1871 1087 1935 quam
1101 1872 1177 1916 cum

115 1953 165 2002 rav
176 1938 407 2025 gustavissent,
430 1939 569 2024 sagittas
592 1938 737 2004 excidere
758 1938 867 2003 dicunt
885 1959 903 2004 e
921 1958 1064 2023 corpore.
1101 1936 1176 2005 Cer-

27 2071 29 2074 >
166 2048 289 2112 vaeque
311 2027 410 2112 paulo
428 2031 505 2092 ante
522 2031 654 2112 partum
671 2029 873 2112 perpurgant
891 2047 926 2092 se
945 2026 1084 2111 quadem
1103 2026 1175 2093 her·
1190 2046 1219 2085 ιο

166 2115 254 2200 bula,
277 2136 360 2200 quae
382 2115 495 2181 seselis
518 2115 644 2181 dicitur.
679 2113 750 2180 lam
772 2115 832 2180 illa
854 2115 1024 2198 cernimus,
1045 2118 1083 2181 ut
1102 2137 1175 2182 con·

167 2208 221 2269 tra
247 2202 314 2270 vim
341 2206 374 2269 et
400 2207 524 2269 metum
551 2204 618 2269 suis
641 2224 676 2268 se
699 2203 798 2268 armis
821 2224 967 2288 quaeque
990 2202 1176 2288 defendant,

167 2291 318 2359 cornibus
337 2291 433 2377 tauri,
450 2292 522 2377 apri
541 2291 700 2375 dentibus,
718 2313 830 2357 morsu
847 2291 970 2375 leones3
992 2291 1077 2357 aliae
1093 2291 1175 2379 fuga
1307 2342 1308 2359 1

168 2402 216 2464 se,
252 2380 336 2446 aliae
368 2380 584 2447 occultatione
613 2383 777 2464 tutantur,
813 2379 988 2445 atramenti
1019 2380 1174 2446 effusione
1306 2440 1308 2465 ,

168 2468 290 2555 sepiae,
319 2471 451 2554 torpore
480 2467 680 2554 torpedines,
710 2468 833 2532 multae
860 2468 960 2534 etiam
982 2467 1172 2534 insectantis
1187 2486 1215 2526 a
1305 2468 1308 2497 ⁴

168 2557 276 2624 odoris
299 2557 498 2624 intolerabili
519 2556 676 2622 foeditate
699 2555 873 2641 depellunt

114 2646 155 2712 51
233 2644 281 2712 Ut
311 2667 389 2713 vero
419 2648 594 2732 perpetuus
626 2643 738 2708 mundi
764 2648 850 2709 esset
876 2649 1024 2729 ornatus,
1054 2666 1173 2732 magna

168 2734 316 2802 adhibita
347 2756 424 2801 cura
450 2737 502 2799 est
528 2756 549 2798 a
574 2732 779 2819 providentia
806 2732 952 2818 deorum,
982 2736 1019 2798 ut
1046 2753 1173 2819 semper

168 2826 276 2889 essent
309 2825 342 2888 et
368 2821 547 2889 bestiarum
577 2842 696 2908 genera
722 2824 756 2886 et
783 2820 937 2886 arborum
966 2821 1172 2905 omniumque
1307 2830 1308 2833 ’

168 2934 289 2994 rerum,
321 2933 403 2997 quae
434 2933 456 2977 a
485 2913 575 2975 terra
600 2909 758 2995 stirpibus
787 2909 1035 2976 continerentur.
1084 2907 1172 2985 Quae
1185 2927 1212 2968 ao

168 2999 298 3086 quidem
325 2999 435 3079 omnia
462 3020 533 3064 eam
555 2997 622 3063 vim
646 2997 777 3063 seminis
800 2997 923 3063 habent
944 2997 980 3063 in
1001 3018 1052 3082 se,
1074 3001 1113 3062 ut
1135 3019 1172 3063 ex

166 3110 231 3155 uno
258 3089 355 3174 plura
382 3090 588 3173 generantum
618 3086 715 3172 idque
742 3107 852 3152 semen
877 3086 1037 3152 inclusum
1062 3089 1113 3151 est
1139 3086 1172 3150 in

167 3176 294 3242 intuma
315 3178 409 3262 parte
432 3196 543 3242 earum
566 3175 732 3258 bacarum,
755 3195 837 3260 quae
860 3195 899 3239 ex
922 3194 1048 3276 queque
1071 3172 1172 3258 stirpe

166 3263 359 3349 funduntur,
388 3263 555 3349 isdemque
587 3263 763 3329 seminibus
795 3265 829 3329 et
858 3261 1006 3329 hommes
1037 3260 1172 3327 adfatim

167 3353 342 3418 vescuntur
364 3355 398 3418 et
419 3355 527 3418 terrae
550 3351 693 3417 eiusdem
716 3349 844 3437 generis
867 3348 1019 3436 stirpium
1040 3370 1171 3416 renova·
1184 3366 1210 3409 aa

116 3450 168 3501 128
181 3438 270 3504 tione
297 3440 498 3525 conplentur.
542 3438 627 3516 Quid
653 3440 782 3523 loquar,
808 3441 932 3523 quanto
957 3436 1042 3503 ratio
1063 3436 1099 3501 in
1120 3437 1171 3503 bs·
1264 3510 1268 3517 ,

167 3525 240 3592 stiis
264 3526 305 3591 ad
326 3531 518 3615 perpetuam
540 3526 818 3595 conservationem
840 3546 953 3591 earum
973 3523 1101 3611 generis
1120 3546 1172 3611 ap·
