2652 3920
381 187 448 241 ΜΒ.
467 188 503 243 11.
523 187 599 242 cur.
619 193 732 243 rso-as.
752 194 768 254 s
788 193 935 243 roe-roa
1096 185 1161 251 235

150 330 259 415 refert,
278 330 307 396 si
325 331 470 416 accipere
487 353 554 398 non
596 332 768 397 ossumus?
794 331 987 397 Extremum
999 336 1056 398 est:
1075 329 1162 396 ‘Est

148 419 275 506 igitur
304 419 519 486 divinatio?
565 355 615 484 iit
645 423 838 503 extremum,
870 420 1020 485 effectum
1049 422 1161 484 tamen
1275 430 1278 441 “

149 530 216 573 non
240 512 304 591 est3
326 530 366 572 ex
389 507 484 572 falsis
508 508 604 592 euim,
629 512 667 573 ut
684 509 728 574 ab
746 508 827 594 ipsis
846 507 1024 592 didicimus,
1047 530 1161 573 verum

149 596 236 662 effici
253 618 325 662 *non
346 600 466 682 potest.
501 594 591 661 Iacet
613 596 716 682 igitur
737 601 810 662 tota
833 597 1005 663 conclusio.
1101 627 1103 631 ’
1159 628 1162 633 <
1194 657 1211 694 q

121 702 136 744 s
215 683 395 750 Veniamus
421 706 507 749 nunc
534 684 577 750 ad
603 688 773 770 optumum
800 685 920 769 virum,
950 685 1146 750 familiarem
1162 657 1211 784 ,33

148 777 310 857 nostrum,
330 771 533 858 Cratippum.
570 770 624 837 ‘Si
647 773 730 838 sine
759 773 905 858 oculis’,
927 773 1047 858 inquit,
1070 773 1161 839 ‘non

148 866 283 946 potest
293 864 447 926 exstare
462 860 639 927 officium
653 864 691 926 et
705 883 839 926 munus
852 862 1062 945 oculorum,
1075 882 1161 947 pos·

80 995 84 1004 ·
150 953 241 1015 sunt
263 953 391 1017 autem
415 949 626 1034 aliquando
649 950 752 1016 oculi
774 971 850 1016 non
866 949 977 1035 fungi
996 971 1063 1014 suo
1082 971 1160 1014 mu·

149 1059 252 1124 nere,
275 1038 341 1123 qui
363 1038 425 1103 vel
448 1038 568 1103 semel
586 1038 643 1103 ita
661 1041 721 1103 est
739 1060 832 1103 usus
849 1038 987 1121 oculis,
1009 1041 1052 1102 ut
1069 1059 1161 1103 vera

110 1130 340 1211 secerneret,
367 1127 400 1192 is
427 1125 546 1191 habet
573 1148 726 1192 sensum
749 1127 948 1193 oculorum
970 1148 1061 1192 vera
1082 1148 1161 1191 cer·

148 1215 330 1282 nentium
371 1214 469 1280 Item
492 1214 630 1300 igitur,
659 1215 691 1279 si
714 1215 797 1280 sine
820 1215 1063 1280 divinatione
1085 1236 1162 1281 non

148 1306 281 1388 potest
304 1302 482 1369 officinm
502 1306 693 1368 etmunus
710 1303 970 1369 divinationis
989 1306 1163 1386 exstare,

15 1420 17 1425 ’
148 1396 285 1476 potest
311 1396 453 1476 autem,
480 1414 562 1457 cum
590 1392 678 1476 quis
700 1391 981 1458 divinationem
1003 1391 1160 1475 habeat,

150 1501 281 1545 errare
312 1481 522 1565 aliquando
554 1501 622 1544 nec
654 1501 744 1546 vera
771 1501 943 1563 cernere,
975 1480 1074 1545 satis
1101 1484 1162 1545 est

110 1568 196 1634 racd
223 1568 530 1634 confirmandam
558 1567 839 1634 divinationem
862 1568 980 1632 semel
1009 1568 1162 1652 aliquid

148 1658 207 1723 ita
229 1677 313 1722 esse
336 1657 566 1740 divinatum,
593 1656 694 1721 nihil
717 1661 759 1722 ut
780 1656 950 1722 fortuito
973 1657 1161 1722 cecidisse

149 1745 343 1829 videatur,
374 1749 464 1810 sunt
495 1749 622 1811 autem
652 1745 734 1810 eius
762 1745 917 1831 generis
944 1745 1163 1811 innumera-

148 1834 261 1918 bilia3
301 1855 384 1898 esse
421 1833 545 1919 igitur
581 1832 861 1899 divinationem
898 1833 1161 1899 confitendum

150 1922 229 1989 est?
264 1921 394 1988 Festive
418 1926 451 1987 et
474 1921 630 2006 breviter3
654 1922 710 1989 sed
733 1938 806 1990 cnm
828 1922 880 1988 bis
904 1922 1052 2007 sumpsit,
1076 1923 1162 2007 qnod

110 2030 137 2070 so
151 2011 270 2095 voluit,
297 2011 427 2079 etiamsi
453 2010 567 2077 faciles
594 2022 655 2076 nos
678 2010 719 2076 ad
741 2011 978 2077 concedendum
1001 2010 1163 2095 habuerit,

149 2100 183 2164 id
209 2104 334 2183 tamen,
362 2101 447 2185 quod
471 2099 628 2183 adsumit,
655 2099 787 2166 concedi
808 2099 1020 2166 nullomodo
1043 2103 1163 2185 potest.

151 2185 230 2272 “si’,
262 2188 382 2277 inquit,
415 2187 642 2273 ‘aliquando
674 2188 777 2253 oculi
804 2192 979 2272 peccent,
1010 2192 1213 2272 tamen,108

150 2277 241 2361 quia
263 2281 368 2343 recte
392 2277 606 2362 aliquando
629 2276 824 2359 viderunt,
847 2277 951 2342 inest
973 2277 1012 2342 in
1034 2277 1084 2342 iis
1103 2277 1164 2342 vis

149 2366 319 2447 videndi,
342 2366 449 2449 item,
472 2365 505 2430 si
528 2365 613 2450 quis
637 2366 755 2431 semel
779 2364 931 2450 aliquid
951 2365 991 2430 in
1013 2364 1162 2431 divina·

109 2454 256 2520 satione
284 2454 514 2538 dispexerit,
540 2454 583 2537 is,
610 2455 727 2520 etiam
755 2475 839 2520 cum
860 2457 1008 2538 peccet,
1034 2457 1166 2518 tamen

151 2541 444 2607 existumandus
469 2542 521 2610 sit
543 2541 685 2607 habere
707 2543 783 2608 vim
807 2540 1028 2608 divinandi?
1069 2540 1214 2625 Vide,53

151 2651 281 2714 quaeso,
304 2628 459 2715 Cratippe
480 2633 603 2712 noster,
627 2653 725 2715 quam
748 2631 815 2696 sint
836 2631 902 2695 ista
925 2629 1058 2712 similia;
1084 2651 1162 2694 nam

151 2717 232 2782 mihi
253 2738 321 2783 non
339 2718 497 2784 videntur.
529 2718 623 2784 Oculi
641 2719 727 2783 enim
745 2740 823 2784 vera
840 2722 1010 2783 cernentes
1026 2720 1163 2783 utuntur

152 2809 271 2872 natura
293 2810 392 2891 atque
414 2828 520 2890 sensu,
543 2806 653 2890 animi,
676 2807 705 2871 si
728 2806 856 2891 quando
879 2807 931 2872 vel
955 2805 1162 2872 vaticinando

111 2910 138 2954 ao
152 2895 203 2959 vel
232 2895 424 2961 somniando
448 2916 525 2960 vera
546 2895 709 2979 viderunt,
736 2895 788 2960 usi
810 2898 887 2961 sunt
909 2894 1042 2960 fortuna
1063 2898 1162 2980 atque

151 3005 242 3068 casu;
270 2983 335 3053 nisi
362 2983 449 3049 forte
477 3005 685 3051 concessuros
713 2983 776 3048 tibi
803 2984 980 3049 existumas
1008 3004 1079 3068 eos,
1107 2983 1165 3068 qui

152 3071 279 3141 somnia
305 3094 365 3157 pro
393 3072 528 3138 somniis
556 3072 693 3156 habent,
721 3072 750 3138 si
773 3072 901 3158 quando
925 3071 1058 3157 aliquod
1080 3093 1164 3138 sora·

150 3162 241 3227 nium
269 3183 384 3227 verum
407 3161 560 3244 evaserit,
586 3183 653 3226 non
675 3160 709 3225 id
730 3160 869 3228 fortuito
893 3160 1055 3227 accidisse.
1100 3157 1164 3227 Sed

151 3250 264 3315 damus
291 3249 355 3315 tibi
382 3249 465 3315 istas
492 3248 572 3315 duas
601 3249 802 3335 sumptiones
830 3246 883 3335 (ea
906 3271 988 3334 quae
1010 3245 1167 3334 triparcos

112 3355 139 3397 cs
152 3339 321 3424 appellant
349 3337 525 3421 dialectici,
554 3338 610 3404 sed
636 3359 696 3404 nos
719 3337 836 3405 Latine
863 3338 954 3422 loqui
976 3335 1164 3424 malumus),

152 3425 337 3512 adsumptio
360 3431 472 3492 tamen
490 3424 603 3512 (quam
621 3422 812 3510 πρόσληψιν
830 3426 928 3492 iidem
947 3425 1080 3579 voeantg
1096 3448 1167 3492 non

152 3514 292 3580 dabitur.
328 3514 483 3581 Adsumit
500 3519 610 3581 autem
629 3513 806 3599 Cratippus
824 3515 887 3581 hoa
907 3513 1051 3580 modoz‘
1085 3518 1214 3603 unt1os
