2654 3912
256 318 263 343 .
364 235 433 290 ΜΒ.
450 236 497 291 vl.
518 237 594 291 ιιι.
614 244 727 293 ιι-ιο.
746 244 761 319 ι
781 244 894 292 ιι-ιι.
1064 237 1130 301 315
1212 209 1219 224 ’

124 380 209 446 sieut
236 379 355 445 intueri
377 380 479 446 solem
504 374 679 445 adversum
697 380 851 465 nequitis,
879 381 1010 465 eiusque
1033 381 1133 446 radiis
1211 433 1213 437 .

124 469 210 534 acies
237 471 349 533 vestra
375 489 552 553 sensusque
578 467 727 534 vincitur.
771 467 861 534 Haec
885 490 946 555 ego
969 468 1133 534 admirans

123 556 306 622 referebam
328 560 439 623 tamen
462 558 572 622 oeulos
596 557 675 622 adt
660 560 781 622 terram
803 556 988 623 identidem.

193 644 276 710 Tum
299 644 487 711 Africanus:
510 643 622 711 Sentio
627 645 774 730 ,inquit
797 649 830 710 te
854 645 962 710 sedem
986 645 1085 711 etiam
1098 625 1187 697 Ῑ9(61

95 748 211 800 cnunc
237 733 406 799 hominum
433 756 471 800 ac
498 734 630 800 domum
654 733 883 818 contemplari,
916 755 998 820 quae
1022 734 1050 798 si
1072 733 1134 799 tibi
1152 708 1186 757 2⁰

124 844 242 907 parva,
258 825 300 887 ιιι
319 821 428 907 est,it
429 844 449 887 a
470 821 607 907 videtur,
628 823 709 888 haec
729 823 883 888 caelestia
900 843 1029 908 semper
1047 843 1135 907 spec·

124 914 211 995 tato,
236 910 297 976 illa
323 910 466 976 humana
494 910 702 977 contemnito.
743 910 793 976 Tu
820 911 905 977 enim
934 933 1032 997 quam
1056 912 1135 976 cele

124 999 281 1064 britatem
314 999 473 1065 sermonis
504 999 673 1065 hominum
706 1002 763 1064 aut
795 1003 893 1085 quam
922 1000 1135 1085 expetendam

126 1087 280 1173 consequi
302 1086 443 1174 gloriam
465 1088 581 1174 potes?
612 1086 712 1154 Vides
731 1087 875 1154 habitari
892 1088 928 1154 in
945 1093 1034 1154 terra
1051 1089 1134 1154 raris

84 1192 111 1233 1⁰
126 1180 160 1243 et
189 1175 403 1263 angustis-in
431 1175 511 1242 locis
542 1179 576 1242 et
604 1176 640 1241 in
667 1176 750 1262 ipsis
777 1177 871 1261 quasi
898 1177 1048 1262 maculis,
1078 1177 1134 1243 ubi

125 1265 307 1350 habitatur,
336 1268 448 1331 vastas
476 1264 669 1330 solitudines
696 1265 896 1351 interiectas,
925 1287 1056 1352 eosque,
1079 1266 1134 1351 qui

125 1353 274 1419 incolunt
302 1357 437 1455 tenram,
466 1375 533 1419 non
559 1353 656 1419 modo
683 1353 885 1439 interruptos
912 1354 961 1419 ita
984 1375 1068 1439 esse,
1097 1359 1135 1419 ut

125 1441 209 1507 nihil
231 1440 350 1506 inter
339 1462 429 1527 1ps0s
453 1441 494 1507 ab
518 1442 592 1507 aliis
615 1441 658 1508 ad
680 1441 763 1507 alios
786 1464 919 1508 manare
941 1443 1055 1528 possit,
1079 1443 1135 1508 sed

125 1530 247 1616 partim
265 1529 425 1616 obliquos,
448 1531 571 1615 partim
587 1534 801 1614 transversos,
824 1530 945 1616 partim
964 1531 1063 1596 etiam
1082 1531 1136 1596 ad·

85 1633 112 1674 1⁵
125 1640 238 1686 versos
261 1622 349 1684 stare
371 1618 478 1703 vobis,
506 1619 666 1703 aquibus
690 1622 860 1704 expectare
883 1619 1025 1706 gloriam
1048 1615 1134 1685 certe

125 1707 252 1773 nullam
274 1707 423 1792 potestis.

193 1730 306 1862 Cernis
325 1798 434 1861 autem
452 1795 588 1861 eandem
601 1799 724 1861 terram
739 1817 833 1882 quas1
823 1795 1041 1882 quibusdam
1054 1794 1135 1861 redi·
1145 1773 1189 1838 20

126 1885 242 1950 mitam
260 1887 295 1950 et
312 1883 545 1951 cmcumdatam
562 1883 711 1970 cingulis,
729 1907 747 1949 e
765 1885 882 1969 quibus
902 1884 982 1950 duos
996 1851 1188 1949 mauime21

125 1975 211 2038 inter
238 1994 273 2038 se
300 1971 445 2038 diversos
472 1976 505 2038 et
532 1972 614 2039 caeli
632 1972 842 2044 verticibus
832 1973 914 2059 1psis
937 1994 976 2038 ex
998 1975 1135 2057 utraque

87 2065 221 2147 aparte
240 2060 395 2127 subnixos
415 2060 597 2148 obriguisse
615 2061 732 2145 pruina
749 2061 848 2145 vides,
866 2061 1084 2127 mediumt
1026 2084 1069 2127 au
1069 2064 1136 2126 tem

125 2150 220 2215 illum
253 2153 286 2215 et
317 2149 495 2216 maximum
526 2148 606 2215 solis
638 2149 753 2216 ardore
779 2150 906 2215 torreri.
953 2149 1027 2216 Duo
1060 2153 1136 2215 sunt

126 2238 333 2323 habitabiles,
352 2260 493 2323 quorum
511 2238 666 2304 australis
683 2238 750 2325 ille,
768 2238 803 2303 in
822 2260 885 2324 quo
901 2238 957 2324 qui
969 2238 1135 2323 insistunt,

127 2327 264 2393 adversa
290 2326 385 2392 vobis
412 2331 531 2414 urgent
558 2326 721 2413 vestigia,
740 2326 824 2392 nihil
851 2327 893 2392 ad
914 2331 1060 2393 vestrum
1083 2348 1136 2414 ge·

126 2435 203 2500 nus,
228 2415 283 2482 hic
310 2418 420 2483 autem
448 2416 532 2482 alter
558 2416 722 2481 subiectus
746 2415 905 2518 aquiloni,
932 2437 1028 2502 quem
1050 2414 1136 2481 inco-

67 2517 115 2560 ιι
129 2504 210 2588 Ιιιιι,
237 2525 332 2571 cerne
360 2525 457 2590 quam
484 2504 574 2569 tenui
600 2525 659 2570 vos
682 2507 777 2589 parte
799 2503 978 2590 contingat.
1023 2502 1136 2569 Omnis

128 2592 214 2658 enim
231 2595 329 2677 terra,
352 2614 435 2677 quae
453 2592 533 2660 colit
533 2615 572 2658 ιιι
590 2614 611 2659 ι
627 2592 731 2677 vobis,
755 2595 912 2679 angustat
861 2591 1136 2677 ttaverticibus,

128 2682 176 2747 lat
177 2681 285 2749 eribus
308 2680 416 2766 latior,
439 2703 542 2767 parva
565 2681 724 2767 quaedam
741 2680 850 2747 insula
868 2684 919 2746 est
942 2678 1137 2746 circumfusa

127 2771 185 2836 illo
204 2768 297 2855 mari,
315 2769 401 2854 quod
415 2768 627 2855 Atlanticum,
647 2769 732 2854 quod
746 2791 910 2855 magnum,
930 2789 1026 2853 quem
1039 2766 1137 2833 Ocea

127 2880 205 2924 num
237 2857 393 2944 appellat
383 2880 412 2924 ιι
443 2857 479 2924 ιιι
510 2858 620 2943 ιιιιιι,
652 2857 707 2945 qui
738 2862 848 2924 tamen
879 2861 973 2923 tanto
1005 2856 1136 2922 nomine

91 2962 227 3032 mquam
249 2946 294 3013 ait
315 2968 449 3034 parvus,
474 2946 573 3013 vides
610 2909 663 3013 ²Fas
685 2946 770 3012 his
759 2947 841 3032 1psia
864 2945 962 3013 cultis
983 2944 1136 3036 notisque
1154 2966 1189 3015 aa

128 3036 224 3101 terris
241 3057 320 3102 num
339 3038 397 3101 aut
409 3038 503 3100 tuum
516 3039 574 3101 aut
586 3035 776 3138 cuiusquam
788 3039 938 3100 nostrum
951 3054 1071 3100 nomen
1083 3027 1136 3099 vel

129 3122 308 3203 Caucasum
330 3123 425 3207 hunc,
448 3145 543 3210 quem
566 3124 680 3208 cernis,
702 3123 930 3190 transcendere
952 3122 1062 3225 potuit
1083 3122 1137 3187 vel

128 3213 221 3279 illum
240 3198 379 3299 Gangen
400 3215 511 3278 tranat
512 3213 588 3278 are?
616 3211 728 3289 Quis
717 3234 753 3277 m
771 3210 905 3296 reliquis
924 3210 1061 3277 orientia
1079 3214 1137 3277 aut
1261 3241 1264 3251 ·

129 3300 278 3367 obeuntis
306 3300 385 3367 solis
407 3300 533 3367 ultimis
556 3304 614 3367 aut
635 3300 797 3387 aquilonis
820 3300 964 3366 austrive
985 3300 1136 3386 partibus

91 3403 117 3448 ³⁵
128 3393 221 3455 tuum
239 3411 360 3455 nomen
380 3388 653 3474 audiettquibua?
670 3388 848 3474 amputatis
867 3389 971 3456 cernis
989 3388 1136 3475 profecto

130 3477 286 3563 quantis
276 3500 312 3543 m
317 3477 492 3580 'angustiis
511 3481 584 3544 vest
584 3500 622 3544 ra
635 3499 669 3543 se
684 3477 791 3564 gloria
804 3477 937 3543 dilatari
949 3477 1037 3543 velit
1067 3475 1138 3562 Ipsi

129 3569 246 3665 aqtem,
271 3565 326 3650 qui
350 3566 388 3632 de
410 3565 507 3632 nobis
530 3568 667 3653 loquunt
668 3589 719 3651 ur,
742 3587 840 3651 quam
862 3566 1038 3652 loquentur
1060 3564 1137 3630 diu?
