2630 3904
154 189 197 253 28
464 188 514 242 DE
532 190 685 245 NATURA
702 190 856 245 DEORUM

154 333 308 418 mutavit,
335 338 373 400 ut
400 334 486 419 quod
512 335 610 420 paulo
638 338 714 400 ante
742 334 781 399 de
808 334 1019 402 inclinatione
1042 339 1178 402 atomo-

34 458 37 464 ·
154 443 228 487 rum
250 422 325 507 dixi,
347 426 459 489 tamen
480 423 636 508 pleraque
660 422 738 489 dicit
756 422 878 507 eadem,
901 427 1039 508 atomos,
1061 425 1177 510 inane,

44 500 349 773 Qun
360 510 1177 668 mmm,

153 621 291 755 didiae
317 650 403 755 rdtio
431 651 646 780 continetm’y
669 687 764 754 Nunc
790 650 875 754 istuc
903 624 1175 777 ‘quasi'cdrpns'
1207 710 1225 750 1

103 789 137 838 74
156 780 189 842 et
217 777 324 862 ‘quasi
350 777 554 864 sanguinem’
582 777 660 861 quid
686 777 873 864 intellegis?
917 777 991 866 Ego
1019 779 1107 844 enim
1135 783 1176 844 te

155 866 238 931 scire
255 866 322 932 ista
339 866 457 932 melius
476 887 574 957 quarn
592 887 644 930 me
661 887 728 931 non
740 865 847 932 fateor
860 867 978 950 solum,
996 867 1175 934 sedetiam

154 954 251 1021 focile
273 954 397 1040 pati0r3
420 976 493 1020 cum
516 953 646 1039 quidem
669 955 770 1019 semel
793 954 988 1039 dictasunt,
1011 955 1173 1041 quidest,

155 1041 242 1127 quod
267 1041 414 1109 Velleius
446 1043 637 1130 intellegere
663 1043 783 1127 possit,
815 1041 915 1110 Cotta
944 1065 1012 1110 non
1038 1044 1172 1130 possit?

111 1139 114 1145 '
154 1130 271 1233 ltaque
303 1152 420 1216 eorpus
450 1131 528 1215 quid
554 1132 613 1233 sit,
644 1131 777 1233 sanguis
790 1132 883 1234 ‘quid
910 1132 968 1217 eit,
999 1133 1172 1220 intellego,
1187 1152 1220 1194 re

155 1241 252 1375 tlt
272 1223 447 1395 ltetgt
469 1220 1171 1396 qttazttffllltltsslatttlffl

155 1396 284 1464 solebat
311 1397 449 1482 alienos,
476 1418 537 1465 nec
563 1398 713 1464 consulto
741 1396 821 1462 dicis
849 1398 974 1465 occulte
996 1402 1171 1483 tamquam

154 1485 356 1571 Heraclitus,
384 1485 441 1551 sed
464 1483 564 1572 (quod
586 1486 755 1553 internos
778 1483 890 1573 liceat)
912 1508 953 1552 ne
976 1490 1013 1551 tu
1037 1487 1169 1571 quidem

101 1545 143 1672 ἓξ
154 1573 329 1661 intellegis.
359 1572 447 1640 Illud
464 1574 558 1641 video
576 1595 724 1662 pugnare
741 1577 785 1658 te,
808 1574 931 1660 species
950 1579 988 1640 ut
1007 1575 1169 1660 quaedam
1183 1595 1214 1639 u

155 1663 199 1728 sit
213 1663 356 1748 deorum,
371 1685 453 1747 quae
467 1662 550 1728 nihil
564 1663 707 1729 concreti
719 1663 849 1748 habeat,
862 1663 946 1729 nihil
960 1663 1066 1748 solidi,
1083 1665 1168 1729 nihil

61 1807 63 1811 ,
155 1751 309 1836 expressi,
330 1751 414 1816 nihil
433 1751 615 1836 eminentis,
637 1752 745 1836 sitque
762 1774 854 1838 pura,
876 1752 968 1836 levis,
992 1753 1167 1838 perlucida.

154 1839 307 1905 Dicemus
338 1840 442 1927 igitur
471 1840 572 1924 idem,
604 1840 690 1924 quod
720 1840 755 1905 in
781 1839 908 1906 Venere
936 1839 1017 1907 Coa:
1048 1863 1167 1928 corpus

154 1928 237 1994 illud
263 1950 330 1994 non
356 1932 420 2013 est,
448 1928 506 1994 sed
532 1929 639 1994 simile
666 1928 826 2013 corporis,
851 1950 912 1995 nec
938 1930 996 1995 ille
1017 1929 1111 1996 fusus
1133 1935 1168 1996 et

154 2018 294 2083 cendone
321 2016 443 2083 mixtus
467 2018 568 2083 rubor
590 2017 723 2104 sanguis
747 2020 809 2102 est,
833 2018 890 2084 sed
913 2017 1073 2102 quaedam
1094 2040 1165 2084 san-
1178 2037 1209 2079 11

154 2105 626 2260 11111111Ἢὲἲέἔίὲὲ
646 2105 807 2260 11111
834 2105 1167 2282 11111111

154 2283 286 2369 quidem
308 2287 432 2371 potest,
455 2283 537 2348 mihi
559 2303 629 2349 esse
651 2244 857 2369 persuasuin3
884 2282 961 2349 cedo
985 2282 1067 2349 mihi
1088 2284 1164 2350 istc

154 2395 227 2438 rum
250 2372 518 2439 adumbratorum
541 2371 674 2437 deorum
697 2371 889 2436 liniamenta
912 2375 1011 2456 atque
1032 2371 1163 2439 formas.

102 2471 136 2522 'to
154 2459 231 2527 Non
263 2462 354 2527 deest
386 2461 448 2526 hoc
475 2460 547 2526 loeo
575 2460 670 2545 copia
695 2459 873 2544 rationum,
905 2461 1024 2544 quibus
1052 2461 1201 2527 docereas

154 2550 264 2615 velitis
292 2549 454 2615 hnmanae
482 2569 552 2614 esse
579 2548 703 2614 formas
731 2547 879 2632 deorum;
909 2549 1052 2634 primum
1080 2550 1163 2634 quod
1214 2631 1218 2641 ,

153 2638 203 2704 111
216 2639 261 2704 sit
278 2637 491 2703 informatum
510 2637 782 2721 anticipatumque
800 2635 963 2705 mentibus
977 2638 1111 2723 nostris,
1128 2643 1163 2704 ut

154 2726 288 2811 homini,
310 2748 383 2791 cum
407 2724 446 2791 de
470 2725 529 2791 deo
552 2725 686 2812 cogitet,
706 2724 814 2790 forma
837 2730 987 2791 occurrat
1008 2725 1162 2812 humana;

155 2815 268 2881 deinde
291 2813 391 2900 quod,
417 2813 570 2897 quonism
592 2814 690 2879 rebus
713 2813 863 2880 omnibus
886 2814 1026 2880 excellat
1047 2819 1162 2882 nature

155 2905 278 2989 divina,
310 2902 418 2968 forma
445 2924 572 2987 quoque
602 2924 672 2968 esse
699 2901 918 2987 pulcherrima
945 2902 1076 2988 debeat,
1106 2923 1197 2971 neca

155 3014 225 3059 esse
243 2993 388 3058 humana
405 2991 508 3056 ullam
526 2991 760 3076 pulchriorem
781 2991 915 3056 tertiam
933 2991 1095 3058 rationem
1113 2994 1160 3059 ad·

153 3080 262 3165 fertis,
289 3080 376 3165 quod
398 3080 491 3146 nulla
513 3079 580 3145 elia
601 3080 708 3166 figura
730 3079 930 3145 domicilium
952 3081 1072 3146 mentis
1095 3104 1159 3148 esse

101 3189 135 3240 ἰτ
153 3169 268 3256 possit.
317 3167 465 3235 Primum
491 3168 594 3256 igitur
621 3167 762 3253 quidque
788 3169 958 3234 considera
985 3169 1082 3254 quale
1109 3171 1160 3256 sit,
1298 3180 1299 3227 l

154 3257 298 3343 arripere
330 3256 417 3323 enim
448 3256 530 3323 mihi
561 3256 716 3323 videmini
742 3257 837 3342 quasi
862 3260 973 3323 vestro
999 3258 1070 3324 iure
1096 3282 1158 3324 rem
1298 3252 1299 3281 ³

153 3346 245 3412 nullo
268 3346 365 3412 modo
388 3345 601 3433 probabilem.
643 3344 783 3410 Omnino
807 3345 880 3430 quis
903 3350 973 3411 tem
996 3369 1109 3414 caecus
1129 3349 1192 3413 inu
1298 3334 1299 3367 ³

16 3504 17 3509 χ
154 3435 413 3520 contemplandis
448 3435 546 3502 rebus
577 3455 733 3518 umquam
763 3433 841 3519 luit,
877 3439 915 3500 nt
945 3457 1011 3502 non
1041 3437 1158 3502 videret

153 3522 277 3605 species
304 3524 386 3589 istae
413 3523 583 3589 hominum
611 3521 758 3588 conlatas
785 3522 820 3587 in
850 3522 927 3589 deos
951 3528 1008 3590 eut
1030 3524 1157 3590 consilio
