2652 3908
7 3186 18 3231 t

378 173 447 230 nm.
465 173 515 229 na
534 172 610 231 cnr.
629 181 744 231 ar-as.
763 180 779 241 s
797 179 911 231 sr-se.
1091 171 1151 241 rai

4 316 5 347 ¹
143 341 214 386 esse
232 319 346 405 lilium,
364 341 438 386 cum
454 317 491 385 in
508 317 660 385 omnibus
676 316 763 386 lanis
782 321 877 405 pater
894 318 1039 385 inberbis
1057 323 1153 386 esset

142 408 254 474 Etiam
283 429 413 474 mensas
440 411 614 496 argenteas
641 405 680 474 de
708 408 858 474 omnibus
886 407 1030 474 delubris
1056 408 1207 485 iussitss

143 496 272 581 auferri,
294 496 330 561 in
353 497 470 581 quibus
494 518 568 562 cnm
590 517 680 561 more
702 498 823 563 veteris
842 495 997 563 Graeciae
1019 496 1154 584 inscrip-

142 589 214 652 tum
241 589 328 651 esset
349 601 519 652 nononon
542 602 702 668 nnonur,
728 586 779 651 uti
804 606 840 651 se
867 606 980 652 eorum
1006 585 1155 653 bonitate

115 674 227 739 avelle
250 673 386 740 dicebat.
422 673 513 740 Idem
535 671 734 739 Victoriolas
757 694 872 739 aureas
895 677 929 739 et
949 677 1082 760 pateras
1104 696 1155 740 co·

143 784 312 848 renesque,
334 783 418 848 quae
441 762 688 828 simulacrorum
712 763 871 848 porrectis
889 762 1040 828 manibus
1059 763 1156 828 susti·

142 852 314 935 rebantur,
336 851 406 917 sine
429 850 632 917 dubitatione
654 849 795 916 tollebat
818 872 919 935 eaque
941 872 977 917 se
1000 851 1155 936 accipere,

142 961 209 1005 non
235 939 364 1006 auferre
391 938 532 1024 dicebat;
564 960 635 1006 esse
662 939 748 1005 enim
776 939 966 1024 stultitiam,
993 940 1155 1025 aquibus

143 1028 230 1094 bona
260 1049 480 1114 precaremur,
514 1027 556 1093 ab
586 1027 628 1093 iis
659 1028 903 1116 porrigentibus
935 1033 969 1094 et
999 1028 1154 1095 dantibus

105 1138 130 1178 ro
142 1115 232 1183 nolle
250 1138 386 1182 sumere.
421 1115 632 1201 Eandemque
650 1116 761 1183 ferunt
778 1116 868 1202 haec,
886 1138 969 1202 quae
987 1116 1062 1202 dixi,
1081 1118 1153 1183 sub

143 1205 213 1271 lata
239 1204 278 1272 de
305 1204 392 1270 fanis
418 1205 454 1270 in
480 1203 588 1271 forum
614 1204 791 1290 protulisse
821 1209 855 1272 et
881 1227 939 1291 per
961 1227 1154 1292 praeconem

142 1292 325 1361 vendidisse
349 1297 525 1378 exactaque
545 1294 683 1379 pecunia
705 1293 856 1379 edixisse,
882 1297 934 1378 ut,
960 1293 1047 1379 quod
1069 1295 1154 1380 quis·

144 1404 206 1467 que
235 1404 256 1448 a
282 1381 384 1447 sacris
410 1380 560 1465 haberet,
589 1380 623 1447 id
650 1388 726 1447 ante
748 1382 835 1448 diem
857 1386 981 1449 certam
1003 1382 1038 1448 in
1059 1404 1155 1450 suum

144 1470 284 1556 quidque
307 1470 421 1535 fanum
439 1470 585 1535 referret.
620 1468 674 1535 Ita
691 1470 733 1535 ad
751 1471 954 1557 impietatem
971 1471 1006 1535 in
1026 1471 1103 1538 deos
1121 1471 1156 1537 in

106 1579 130 1620 ra
144 1558 292 1625 homines
310 1558 458 1625 adiunxit
477 1558 638 1625 iniuriam
673 1558 769 1625 Hunc
787 1559 890 1646 igitur
907 1581 966 1627 nec
984 1559 1155 1647 Olympius
1164 1564 1209 1632 35

143 1646 292 1734 Iuppiter
309 1647 446 1713 fulmine
463 1647 625 1732 percussit
640 1669 701 1714 nec
716 1647 932 1734 Aesculapius
950 1648 1069 1714 misero
1088 1649 1156 1715 diu·

143 1741 306 1822 turnoque
327 1735 443 1802 morbo
465 1736 688 1803 tabescentem
709 1736 888 1821 interemit,
916 1740 1015 1822 atque
1037 1736 1073 1802 in
1095 1760 1155 1805 suo

143 1825 263 1892 lectulo
278 1828 426 1890 mortuus
440 1824 681 1911 in†typunidis
690 1846 808 1911 rogum
817 1825 940 1891 inlatus
950 1828 1002 1891 est
1019 1847 1156 1910 eamque

143 1917 351 1999 potestatem,
375 1935 473 1999 quam
494 1912 565 1999 ipse
587 1935 646 1999 per
668 1914 773 1980 scelus
796 1917 867 1979 erat
888 1918 1036 1997 nanctus,
1062 1916 1155 2000 quasi

104 2023 131 2082 ro
144 2003 264 2069 iustam
283 2006 317 2068 et
335 2002 517 2090 legitimam
535 2001 728 2068 hereditatis
746 2003 818 2069 loco
836 2002 905 2069 filio
924 2003 1067 2069 tradidit.
1104 2002 1155 2068 In·
1174 2018 1208 2068 es

143 2092 212 2158 vita
230 2092 266 2157 in
283 2092 346 2158 hoc
363 2091 435 2158 loco
456 2096 606 2158 versatur
624 2090 745 2175 oratio;
766 2091 895 2158 videtur
913 2092 999 2157 enim
1017 2093 1155 2160 auctori·

23 2202 25 2207 ·
143 2185 247 2246 tatem
274 2179 401 2246 adferre
427 2180 593 2266 peccandi3
621 2184 708 2246 recte
734 2180 912 2265 videretur,
940 2179 1006 2246 nisi
1032 2184 1067 2247 et
1092 2181 1156 2246 rir-

143 2269 225 2334 tutis
249 2273 283 2335 et
305 2269 460 2334 vitiorum
483 2269 553 2334 sine
573 2269 643 2334 ulla
660 2269 770 2335 divine
787 2268 915 2335 ratione
934 2290 1034 2357 grave
1051 2268 1155 2355 ipsius

144 2357 360 2424 conscientiae
386 2356 514 2444 pondus
536 2361 636 2441 esset,
666 2379 731 2442 qua
754 2357 884 2423 sublata
906 2357 1014 2424 iacent
1036 2358 1155 2425 omnia

104 2464 130 2505 2⁵
144 2444 192 2512 Ut
209 2446 296 2512 enirn
313 2467 374 2512 nec
391 2446 506 2512 domus
523 2467 583 2513 nec
601 2466 653 2511 res
670 2445 802 2531 publica
816 2445 944 2512 ratione
961 2446 1103 2530 quadam
1121 2450 1155 2514 et

144 2534 317 2620 disciplina
339 2534 521 2621 dissignata
543 2534 699 2618 videatur,
724 2534 755 2600 si
770 2534 806 2600 in
824 2555 864 2600 ea
879 2556 939 2600 nec
956 2539 1044 2600 recte
1057 2533 1154 2602 factis

144 2622 290 2708 praemia
309 2626 423 2688 extent
444 2623 514 2688 ulla
534 2644 594 2689 nec
616 2622 778 2708 supplicia
800 2622 951 2709 peccatis,
974 2623 1021 2689 sic
1043 2623 1156 2689 mundi

145 2709 254 2776 divina
282 2711 330 2792 [in
351 2710 513 2792 homines]
543 2711 724 2777 moderatio
751 2710 898 2796 profecto
920 2712 1012 2778 nulla
1034 2715 1097 2797 est,
1125 2712 1155 2777 si

144 2798 179 2863 in
201 2820 241 2864 ea
262 2798 435 2865 discrimen
456 2799 584 2865 nullum
606 2803 658 2866 est
679 2800 840 2865 bonorum
861 2804 897 2866 et
918 2801 1089 2867 malorum

104 2905 131 2946 so
211 2886 259 2953 At
284 2887 372 2953 enim
398 2886 526 2952 minora
552 2887 586 2953 di
611 2889 793 2975 neglegunt
813 2910 918 2974 neque
940 2889 1067 2977 agellos
1090 2890 1155 2954 sin·
1173 2900 1208 2951 8⁰

143 2977 296 3063 gulorum
317 2997 378 3041 nec
399 2975 550 3042 mucules
572 2980 810 3062 persequuntur
831 2998 900 3061 nec,
922 2977 951 3042 si
973 2977 1073 3044 uredo
1097 2982 1155 3044 aut

143 3065 268 3152 grando
288 3064 456 3167 quippiam
473 3064 593 3150 nocuit,
610 3065 644 3130 id
657 3064 730 3131 Iovi
743 3065 1065 3133 animadvertendum
1077 3065 1155 3151 fuit3

142 3154 241 3258 neuin
263 3175 374 3257 regnis
397 3152 527 3255 quidem
548 3174 643 3241 reges
666 3151 777 3220 omnia
797 3153 934 3220 minima
955 3160 1084 3240 curant3
1107 3155 1155 3222 sic

143 3265 230 3346 enim
260 3241 376 3309 drertrs
403 3240 524 3346 ‘Quasi
553 3263 615 3330 ego
644 3242 744 3328 paulo
774 3246 850 3308 ente
880 3242 919 3308 de
947 3241 1049 3345 lando
1077 3242 1153 3309 For·

104 3347 130 3391 aa
144 3352 252 3397 miano
275 3330 310 3397 P.
333 3330 452 3398 Rutrln
480 3352 542 3397 sim
570 3335 717 3416 questus,
743 3331 872 3396 nonde
895 3352 1017 3398 amissa
1039 3332 1153 3397 salute.

142 3421 252 3507 Atque
274 3420 337 3487 hoc
360 3420 490 3505 quidem
513 3441 625 3486 omnes
648 3420 805 3486 modales
828 3420 875 3485 sic
897 3419 1030 3504 habent,
1053 3422 1155 3484 exter·
1165 3421 1208 3487 36

141 3530 203 3575 nas
225 3508 488 3593 commoditates,
509 3508 633 3593 vineta,
656 3511 794 3594 segetes,
817 3507 948 3595 oliveta,
969 3507 1154 3574 ubertatem
