2654 3924
385 231 452 286 me.
472 233 492 286 1.
519 231 594 285 oeP.
615 239 729 288 34-37.
752 237 899 299 §se-es.
1081 230 1144 295 297

138 375 287 460 idemque
317 378 350 441 et
379 397 435 441 rex
462 379 496 440 et
522 380 616 461 pater
642 376 818 441 haberetur
841 376 998 461 omnium,
1026 397 1148 461 magna

139 464 317 529 auctoritas
340 468 391 529 est
413 464 572 548 multique
590 468 700 548 testes,
723 464 882 549 siquidem
901 465 1006 529 omnis
1025 465 1147 529 multos

140 552 299 637 appellari
321 553 442 638 placet,
470 552 519 617 ita
541 552 742 618 consensisse
766 554 880 638 gentes
903 552 1039 618 decretis
1062 552 1147 618 vide-

139 642 215 706 licet
234 641 424 726 principum,
442 641 524 705 nihil
540 662 610 706 esse
624 663 700 727 rege
715 641 840 724 melius,
859 638 1021 727 qu0!niam
1041 642 1081 721 [p.
1097 657 1148 706 loo

113 730 216 795 socos
245 730 349 795 omnis
377 733 509 795 censent
535 730 630 795 unius
658 730 729 816 regi
750 730 895 813 numine3
922 730 990 794 sive
1013 730 1092 794 haec
1114 729 1149 794 in

140 840 248 884 errore
277 818 491 904 inperitorum
521 818 630 903 posita
658 839 728 883 esse
755 822 789 883 et
814 817 1001 883 fabularum
1029 816 1149 882 similia

141 907 319 991 didicimus,
342 906 510 971 audiamus
533 907 713 971 eommunis
732 907 826 990 quasi
844 907 992 972 doctores
1011 905 1149 971 erudito

139 1019 213 1062 rum
231 995 410 1079 hominum,
431 995 486 1079 qui
503 998 673 1079 tamquam
691 995 794 1060 oculis
812 994 872 1060 illa
888 995 1048 1078 uiderunt,
1068 1016 1150 1078 quae

140 1106 200 1150 nos
227 1083 282 1149 vix
305 1083 463 1150 audiendo
488 1083 722 1170 cognoscimus.
764 1081 915 1168 Quinam,
943 1083 1050 1168 inquit
1072 1082 1150 1148 Lae·

106 1191 128 1230 10
142 1175 215 1255 lius,
232 1172 291 1237 isti
309 1172 407 1238 sunt?
430 1171 476 1236 Et
493 1172 563 1237 ille:
586 1170 648 1247 Qui
667 1175 784 1236 natura
800 1172 944 1238 omnium
958 1193 1066 1236 rerum
1080 1193 1150 1256 per·

140 1261 334 1348 vestiganda
352 1263 522 1325 senserunt
540 1281 669 1325 omnem
685 1260 771 1325 hunc
784 1261 940 1325 mundum
953 1265 1098 1326 mente..
1113 1310 1120 1326 .
1135 1311 1142 1325 .

355 1400 594 1482 [Desideruutur
612 1403 750 1485 popinae
770 1404 936 1484 quattuor]

210 1527 366 1609 [Leuqum
387 1531 433 1591 est
452 1545 611 1603 recensere,
633 1545 712 1607 quae
731 1526 769 1590 dc
789 1545 909 1591 summo
930 1526 985 1590 deo
1001 1524 1049 1589 vet
1068 1524 1150 1590 117111-
1168 1539 1201 1588 os

144 1619 185 1682 tes
210 1617 256 1681 vel
279 1615 472 1698 Pythuqoras
498 1619 528 1679 et
548 1614 756 1679 Anaximenes
782 1619 875 1678 autea
895 1614 941 1678 oct
956 1615 1151 1696 postmodum
1319 1607 1320 1635 i

143 1704 251 1784 Stoici,
274 1701 434 1770 mansues
455 1707 485 1766 et
506 1701 697 1784 Chrysippus
719 1706 748 1766 et
767 1702 887 1780 Zenon,
909 1702 956 1767 vel
976 1706 1152 1767 nostrorum

106 1809 130 1850 1⁶
143 1790 386 1859 secessuum
407 1794 525 1856 secutus
546 1796 575 1855 et
591 1792 656 1872 ipse
671 1790 794 1856 Tullius
805 1791 1060 1873 praedicaverint,
1083 1810 1151 1855 eum

143 1882 177 1947 ht
199 1901 302 1947 omues
322 1885 364 1959 et,
390 1881 467 1962 quid
486 1880 529 1944 sit
549 1879 634 1956 deus,
657 1880 784 1961 definire
806 1880 989 1944 teutucmut
1009 1883 1038 1943 et
1057 1878 1097 1943 ab
1119 1899 1152 1944 eo

143 1971 206 2038 soto
231 1971 297 2053 repi
318 1970 469 2033 meandum
490 1969 727 2049 adfirmuvme'ut
746 1987 801 2033 uec
822 1967 882 2032 ezec
903 1967 1069 2032 subudum
1090 1986 1153 2032 esse

144 2064 283 2138 naturae,
305 2078 376 2124 eum
396 2057 436 2122 ab
458 2058 524 2139 ipsc
546 2057 590 2121 sit
610 2056 710 2120 omnis
731 2062 848 2121 natura
867 2059 1022 2138 peceato.
1057 2052 1152 2138 (Lac

144 2149 263 2213 tentius
283 2148 352 2229 cpit.
375 2151 406 2210 4.
427 2147 486 2229 3.)]

106 2252 131 2291 κο
218 2232 377 2319 ...seq
399 2234 428 2298 e
450 2234 513 2318 as,
536 2233 637 2317 naeu,
660 2232 745 2298 eaeo
768 2232 830 2297 eei
852 2236 954 2297 uses
976 2253 1035 2297 nec
1059 2233 1099 2312 [p.
1118 2212 1205 2338 ⁹⁹35}

145 2325 242 2391 nimis
265 2324 418 2408 antiquos
440 2344 499 2387 nec
521 2323 590 2387 ulle
612 2322 707 2386 modo
726 2322 894 2387 barbaros.
929 2321 966 2385 L.
989 2319 1085 2404 Istos,
1108 2320 1154 2385 in·

146 2414 225 2498 quit,
249 2412 333 2478 volo.
369 2411 401 2477 S.
424 2409 565 2476 Videsne
590 2410 692 2496 igitur
714 2410 821 2474 minus
844 2409 1154 2494 quadringentorum

147 2524 305 2566 annorum
319 2522 389 2565 esse
406 2499 490 2565 hanc
503 2499 627 2582 urbem,
644 2503 683 2565 ut
696 2499 765 2563 sine
779 2498 912 2584 regibus
927 2497 992 2562 sit?
1015 2498 1053 2562 L.
1067 2496 1154 2562 Vero

147 2590 262 2654 minus.
289 2588 322 2653 S.
345 2586 429 2663 Quid
448 2588 548 2674 ergo?
567 2586 647 2652 haee
666 2586 977 2673 quadringentorum
995 2607 1154 2651 annorum

109 2692 134 2732 ²⁵
148 2682 238 2742 aetas
275 2681 312 2741 ut
347 2676 437 2741 urbis
474 2679 508 2740 et
541 2674 683 2740 civitatis
714 2696 793 2739 num
824 2675 918 2740 valde
950 2674 1051 2760 longa
1082 2675 1154 2739 est?

147 2764 277 2830 Lista
306 2786 397 2849 vero,
426 2763 546 2848 inquit,
576 2764 688 2828 adulta
715 2763 777 2828 vix.
817 2763 850 2829 S.
872 2762 963 2849 Ergo
986 2761 1038 2826 his
1062 2762 1155 2827 annis

148 2853 394 2939 quadringentis
417 2851 540 2917 Romae
564 2873 621 2917 rex
644 2852 736 2917 erat?
773 2850 811 2916 L.
833 2850 879 2917 Et
906 2850 1065 2936 superbus
1088 2851 1156 2936 qui·

149 2940 309 3025 (1111118.
332 2939 415 3016 Quid
438 2940 559 3026 supra?
583 2941 620 3005 L.
642 2939 854 3025 Iustissimus,
878 2943 911 3005 et
935 2939 1021 3004 dein·
1044 2941 1085 3021 [p.
1105 2956 1156 3005 100

149 3052 223 3116 ceps
251 3034 339 3096 retro
370 3050 471 3114 usque
498 3029 540 3094 ad
562 3028 751 3113 Romulum,
778 3028 834 3112 qui
861 3028 902 3094 ab
926 3027 988 3093 hoc
1010 3030 1157 3112 tempore

109 3137 135 3177 ³0
149 3142 233 3186 enno
262 3118 490 3185 sescentesimo
517 3140 574 3183 rex
597 3122 676 3184 erat.
710 3117 744 3184 S.
766 3116 857 3203 Ergo
879 3138 920 3182 ne
941 3117 1005 3181 iste
1029 3116 1156 3201 quidem

149 3209 322 3294 pervetus?
359 3208 396 3272 L.
419 3205 552 3272 Minime
579 3229 617 3272 ae
638 3228 740 3292 prope
763 3208 948 3271 senescente
970 3205 1035 3270 iam
1060 3203 1157 3270 Grae-

149 3297 207 3363 cia.
243 3297 276 3363 8.
299 3296 399 3380 Cedo,
425 3318 516 3379 num,
540 3291 661 3380 Scipio,
684 3293 898 3360 barbarorum
919 3293 1078 3359 Romulus
1101 3315 1157 3357 rex

148 3385 233 3451 fuit?
271 3386 307 3451 L.
330 3383 379 3469 Si,
402 3388 440 3450 ut
463 3382 578 3450 Graeci
601 3383 712 3449 dicunt
736 3383 841 3448 omnis
865 3387 922 3448 aut
945 3379 1062 3447 Graios
1086 3402 1156 3447 esse

151 3478 207 3539 aut
235 3474 407 3557 barbaros,
434 3495 560 3557 vereor,
586 3494 628 3537 ne
651 3471 865 3537 barbarorum
888 3493 945 3535 rex
966 3469 1079 3553 fuerit3
1106 3469 1158 3534 sin

110 3579 136 3621 ⁸⁶
150 3563 183 3627 id
197 3585 315 3628 nomen
328 3563 474 3628 moribus
488 3561 629 3627 dandum
643 3564 702 3641 est,
716 3581 782 3625 non
795 3560 926 3645 linguis,
938 3580 1006 3624 non
1016 3556 1157 3623 Graecos
1291 3636 1295 3643 .
