2630 3904
212 218 254 284 26
521 218 571 272 na
589 218 913 274 rasomonorum

211 366 263 428 est
276 363 420 429 veritas?
443 362 484 428 In
496 364 634 447 mundis,
648 363 753 448 credo,
766 364 1058 431 innumerabilibus
1073 363 1238 431 omnibus

211 451 355 517 minimis
378 455 562 538 temporum
584 452 714 538 punctis
738 453 813 518 aliis
834 453 1053 539 nascentibus,
1077 454 1155 518 aliis
1180 476 1238 520 ca·

212 541 372 606 dentibus.
417 540 471 605 An
494 541 529 606 in
551 541 725 607 individuis
749 541 949 626 corpusculis
972 545 1042 607 tam
1055 542 1238 628 praeclara

212 650 312 714 opera
324 629 417 694 nulla
430 629 619 695 moderante
628 633 755 714 natura,
764 630 856 694 nulla
865 630 992 696 ratione
1000 631 1237 717 fingentibus?

212 715 275 782 Sed
298 717 420 783 oblitus
443 717 653 783 liberalitatis
677 739 781 802 meae,
809 740 874 803 qua
895 723 1003 786 tecum
1025 719 1125 805 paulo
1152 723 1237 785 ante
1262 741 1275 782 s

211 807 262 871 uti
283 828 463 891 coeperam,
485 807 582 891 plura
604 806 810 892 complector.
856 804 1037 873 Concedam
1060 808 1168 895 igitur
1193 831 1236 874 ex

211 894 386 961 individuis
405 897 554 960 constare
573 895 691 961 omnia.
725 893 809 971 Quid
823 895 865 960 ad
879 897 970 961 rem?
990 896 1124 962 deorum
1140 897 1236 963 enim

160 995 193 1046 68
211 986 331 1049 natura
360 983 537 1068 quaeritur.
587 981 659 1049 Sint
690 1005 769 1050 sane
796 1006 835 1050 ex
863 984 997 1068 atomis3
1029 1007 1096 1051 non
1121 985 1236 1072 igitur

212 1071 345 1137 aeterni.
391 1069 484 1147 Quod
512 1071 599 1137 enim
626 1094 665 1136 ex
692 1072 825 1156 atomis,
851 1072 886 1137 rd
911 1076 1027 1138 natum
1049 1074 1234 1158 aliquando

213 1163 277 1244 est3
304 1159 333 1225 si
359 1164 488 1244 natum,
514 1161 598 1225 nulli
622 1160 673 1225 dei
695 1164 770 1226 ante
794 1183 893 1246 quam
914 1162 999 1246 nati3
1026 1166 1060 1227 et
1082 1162 1112 1227 si
1135 1168 1234 1229 ortus
1249 1184 1273 1223 a

213 1253 263 1314 est
285 1248 429 1333 deorum,
451 1249 603 1314 interitus
627 1249 672 1314 sit
688 1271 819 1316 necesse
838 1254 897 1335 est,
920 1254 960 1317 ut
975 1255 1013 1317 tu
1030 1251 1129 1336 paulo
1151 1257 1233 1317 ante

213 1337 252 1403 de
274 1335 424 1403 Platonis
452 1338 572 1403 mundo
600 1337 799 1424 disputabas.
844 1337 911 1404 Ubi
936 1339 1038 1426 igitur
1064 1339 1149 1406 illud
1176 1363 1231 1407 ve

213 1429 318 1491 strum
350 1427 484 1492 beatum
515 1430 549 1491 et
580 1428 769 1492 aeternum?
806 1427 924 1513 quibus
958 1428 1085 1494 duobus
1116 1430 1231 1495 verbis

213 1514 405 1600 significatis
426 1515 536 1600 deum3
558 1516 644 1601 quod
666 1538 740 1581 cum
763 1515 890 1581 efficere
908 1517 1018 1602 vultis,
1040 1517 1076 1582 in
1094 1519 1231 1584 dumeta

212 1603 397 1689 conrepitis.
433 1602 486 1669 Ita
509 1603 596 1669 anim
619 1604 758 1689 dicebas,
779 1627 847 1670 non
868 1626 986 1690 corpus
1010 1627 1080 1672 csse
1102 1607 1138 1671 in
1156 1607 1268 1693 deo,15

213 1692 269 1758 sed
292 1692 386 1778 quasi
408 1715 540 1778 corpus,
567 1713 627 1759 nec
650 1693 855 1779 sanguinem,
882 1694 939 1759 sed
961 1698 1131 1780 tamquam
1155 1718 1229 1761 san·

237 1802 355 1846 urnam.

159 1807 203 1949 ἕξ)
214 1802 236 1867 g
279 1868 351 1935 Hoc
382 1892 538 1957 persaepe
569 1869 693 1954 facitis,
724 1873 774 1955 ut,
806 1893 880 1936 cum
911 1871 1035 1956 aliquid
1061 1894 1129 1938 non
1156 1874 1228 1939 veri

213 1957 320 2023 simile
348 1958 464 2024 dicatis
492 1962 526 2024 et
549 1958 691 2045 effugere
713 1958 996 2044 reprehensionem
1018 1961 1142 2047 velitis,
1172 1963 1226 2027 ad·

211 2045 326 2112 feratis
354 2047 490 2132 aliquid,
518 2047 606 2132 quod
632 2047 763 2113 omnino
789 2070 831 2113 ne
857 2049 929 2113 fieri
956 2049 1086 2135 quidem
1109 2053 1265 2136 possitae

211 2139 249 2201 ut
272 2136 376 2201 satius
394 2135 495 2201 fuerit
511 2135 595 2201 illud
612 2135 729 2220 ipsum,
751 2135 873 2222 dequo
893 2137 1132 2224 ambigebatur,
1152 2161 1226 2205 con·

143 2242 150 2251 ‘
198 2224 324 2290 cedere
354 2247 452 2310 quam
479 2228 548 2290 tam
570 2224 764 2309 inpudenter
785 2225 946 2291 resistere.
986 2225 1087 2293 Velut
1108 2227 1225 2313 Epicu-

212 2334 268 2378 rus
292 2336 366 2379 cum
389 2313 524 2397 videret,
547 2312 575 2377 si
599 2312 700 2379 atomi
722 2312 885 2379 ferrentur
906 2313 942 2379 in
964 2315 1073 2381 locum
1094 2316 1224 2384 inferio·

211 2423 281 2467 rem
313 2405 430 2487 suopte
461 2400 616 2486 pondere,
647 2400 730 2466 nihil
756 2401 827 2468 fore
853 2402 889 2467 in
915 2407 1030 2469 nostra
1050 2408 1224 2491 potestate,

213 2490 299 2574 quod
322 2494 408 2556 esset
427 2511 539 2554 aarum
556 2493 665 2555 motus
684 2493 791 2556 certus
810 2494 843 2555 et
855 2492 1067 2577 necessarius,
1089 2494 1223 2581 invenit,
1235 2514 1263 2554 ss

214 2601 276 2664 quo
304 2578 400 2644 modo
428 2578 657 2643 necessitatem
683 2578 853 2665 effugeret,
880 2581 968 2665 quod
989 2582 1140 2648 videlicet
1161 2581 1223 2648 De
1287 2611 1303 2633 x

211 2667 385 2733 mocritum
406 2665 552 2751 fugerat3
581 2666 628 2732 ait
651 2670 811 2752 atomum,
834 2690 908 2735 cum
929 2670 1072 2755 pondere
1095 2674 1128 2736 et
1151 2692 1221 2758 gra·

211 2755 315 2821 vitate
351 2755 480 2821 derecto
512 2755 645 2821 deorsus
676 2755 816 2840 feratur,
852 2757 1015 2824 declinare
1045 2761 1221 2845 paululum.

158 2857 193 2907 το
212 2843 284 2910 Hoc
311 2843 415 2908 dicere
442 2844 570 2929 turpius
599 2848 649 2910 est
676 2867 774 2930 quam
801 2845 896 2931 illud,
928 2847 1014 2931 quod
1041 2849 1127 2933 uult,
1158 2871 1221 2914 non

211 2953 308 3019 posse
331 2931 509 2998 defendere.
545 2931 636 2998 Idem
657 2933 737 2999 facit
760 2939 875 3000 contra
893 2934 1095 3020 dialecticos,
1118 2960 1139 3002 a
1156 2938 1261 3023 qui-so

211 3022 274 3087 bus
303 3042 377 3086 cum
405 3020 565 3087 traditum
593 3023 637 3087 sit
662 3023 698 3087 in
720 3023 871 3089 omnibus
895 3023 1159 3112 diiunctionibus,
1186 3026 1220 3091 in

212 3109 329 3196 quibus
367 3108 449 3175 ‘aut
486 3110 604 3176 etiam
640 3115 706 3175 aut
736 3110 826 3177 non'
858 3117 1048 3198 poneretur,
1084 3115 1218 3180 alterum

156 3219 160 3222 ·
211 3202 322 3264 utrum
346 3219 417 3264 esse
440 3221 562 3284 rerum,
584 3199 767 3284 pertimuit,
793 3222 847 3284 ne,
875 3201 904 3267 si
927 3224 1116 3269 eoncessum
1139 3208 1219 3269 esset

211 3287 308 3352 huius
336 3287 425 3354 modi
451 3287 588 3374 aliquid:
617 3287 706 3353 ‘Aut
732 3288 839 3354 vivet
865 3312 950 3356 cras
979 3295 1047 3358 aut
1071 3314 1148 3358 non
1167 3292 1218 3358 vi·
1298 3296 1308 3335 <

210 3379 275 3441 vet
292 3375 509 3463 Epicurus',
533 3378 728 3443 alterutrum
750 3378 844 3443 fieret
865 3380 1094 3465 necessarium,
1117 3384 1257 3447 totumse
1307 3390 1308 3395 ’

210 3463 273 3531 hoc
296 3465 378 3531 ‘aut
401 3467 520 3531 etiam
543 3470 610 3532 aut
631 3465 724 3531 non'
746 3466 882 3552 negavit
904 3489 975 3533 esse
993 3469 1218 3555 necessarium3
1307 3514 1308 3523 κ

212 3575 275 3639 quo
306 3554 384 3640 quid
413 3554 477 3619 dici
502 3554 611 3640 potuit
639 3554 811 3620 obtusius?
856 3553 1030 3640 Urguebat
1059 3557 1217 3625 Arcesilas
