2654 3912
186 156 252 219 416
583 153 632 208 DE
651 152 806 209 LEGIBUS

186 297 324 385 Cylonio
349 298 469 365 scelere
492 297 622 383 expiato
645 296 838 384 Epimenide
857 295 951 364 Crete
975 297 1132 364 suadente
1153 297 1205 364 fe·

187 391 300 455 cerunt
331 385 555 454 Contumeliae
586 386 699 451 fanum
732 390 765 452 ct
795 386 1023 472 Inpudentiae3
1058 387 1203 452 virtutes

187 477 282 559 enim,
306 497 373 541 non
395 475 476 540 vitia
499 496 688 541 consecrare
712 475 810 540 dccet.
855 475 987 561 Araque
1010 479 1141 541 vetusta
1164 477 1204 541 in

186 563 316 630 Palatio
338 563 452 629 Febris
475 568 509 628 et
532 565 636 629 altera
658 562 816 649 Esquiliis
833 561 941 629 Malae
958 562 1124 629 Fortunae
1147 563 1204 629 de-

186 656 373 737 testataque
396 652 507 717 omnia
529 652 598 717 eius
622 652 710 717 modi
732 652 932 738 repudianda
954 657 1039 717 sunt.
1076 649 1234 728 Quodsis

186 741 340 829 fingenda
365 740 511 824 nomina,
538 738 638 806 Vicae
660 740 763 806 Potae
790 741 901 826 potius
928 740 1078 805 vincendi
1101 745 1203 826 atque

187 829 350 917 potiundi,
378 826 491 894 Statae
515 828 624 893 standi
646 829 904 916 cognominaque
927 826 1069 894 Statoris
1093 833 1126 894 et
1148 828 1203 894 In·

187 919 267 985 victi
292 917 380 983 Iovis
409 938 581 1003 rerumque
611 917 863 1002 expetendarum
890 917 1037 1002 nomina,
1067 914 1203 1004 Salutis,

186 1006 344 1091 Honoris,
376 1004 469 1091 Opis,
500 1002 674 1071 Victoriae,
720 1003 944 1091 Quoniamque
974 1007 1202 1091 expectatione

187 1117 296 1161 rerum
322 1094 482 1159 bonarum
510 1093 647 1180 erigitur
670 1093 812 1178 animus,
840 1097 927 1160 recte
950 1095 1051 1159 etiam
1074 1092 1154 1180 Spes
1181 1114 1245 1161 a10

187 1183 339 1250 Calatino
367 1186 555 1249 consecrata
578 1184 636 1248 cst.
680 1181 888 1269 Fortunaque
913 1182 957 1247 sit
979 1183 1032 1248 vel
1054 1182 1200 1250 Huiusce

188 1272 252 1338 diei
283 1270 374 1358 (nam
404 1271 495 1336 valet
525 1271 561 1336 in
593 1293 704 1336 omnes
738 1270 819 1358 dies)
851 1270 904 1337 vel
936 1270 1125 1356 Respiciens
1159 1272 1202 1337 ad

188 1382 283 1447 opem
309 1358 477 1425 ferendam
501 1359 554 1426 vel
576 1358 672 1444 Fors,
700 1359 735 1424 in
757 1382 821 1446 quo
844 1360 961 1426 incerti
984 1381 1077 1426 casus
1100 1360 1201 1446 signi·

186 1451 326 1515 ficantur
353 1448 473 1535 magis,
499 1447 553 1514 vel
575 1447 776 1535 Primigenia
803 1471 823 1514 a
850 1447 1028 1535 gignendo,
1053 1447 1200 1531 †comes

137 1543 421 1691 12tumlemcrum
448 1624 671 1710 fastorumque
699 1625 824 1690 dierum
851 1626 936 1690 ratio
959 1625 994 1690 in
1017 1624 1129 1691 liberis
1152 1555 1242 1691 rc·1⁶

135 1676 168 1725 ²⁹
188 1715 330 1801 quietem
353 1714 462 1778 litium
484 1713 585 1778 habet
609 1717 642 1778 ct
664 1713 859 1800 iurgiorum,
881 1714 916 1777 in
940 1714 1041 1779 servis
1065 1735 1200 1799 operum

188 1808 222 1869 et
248 1804 413 1887 laborum3
443 1824 522 1887 quas
551 1801 732 1887 conpositio
761 1803 838 1867 anni
865 1802 1012 1867 conferre
1040 1802 1136 1868 debet
1159 1803 1201 1868 ad

188 1891 419 1979 perfectionem
452 1912 587 1976 operum
618 1890 823 1956 rusticorum.
873 1889 966 1967 Quod
997 1892 1041 1957 ad
1070 1894 1200 1977 tempus

187 1985 225 2046 ut
258 1979 489 2046 sacrificiorum
520 1978 700 2044 libamenta
732 1982 902 2044 serventur
931 1979 1081 2064 fetusque
1108 2001 1201 2065 peoo·
1214 2000 1242 2040 ao

188 2092 270 2152 rum,
295 2090 376 2153 quae
395 2067 483 2132 dicta
500 2067 535 2131 in
553 2067 626 2154 lege
646 2071 731 2151 sunt,
755 2066 929 2154 diligenter
945 2067 1097 2133 habenda
1114 2068 1200 2134 ratio

160 2178 163 2184 ’
188 2155 403 2221 intercalandi
421 2159 486 2238 est3
505 2155 591 2239 quod
608 2155 797 2220 institutum
815 2156 919 2240 perite
937 2154 1079 2221 aNuma
1092 2161 1199 2242 poste·

188 2246 311 2310 riorum
342 2243 533 2329 pontificum
561 2243 770 2328 neglegentia
800 2243 996 2309 dissolutum
1025 2248 1084 2310 est.
1129 2244 1200 2311 Iam

188 2333 272 2398 illud
297 2354 336 2398 ex
358 2331 519 2396 institutis
542 2331 733 2417 pontificum
757 2335 789 2397 et
812 2332 1022 2418 haruspicum
1043 2355 1111 2398 non
1133 2356 1200 2398 mu·

189 2421 324 2487 tandum
348 2424 406 2504 cst,
430 2419 547 2506 quibus
570 2420 688 2485 hostiis
711 2421 946 2486 immolandum
970 2422 1110 2506 quoique
1131 2421 1199 2506 deo,
1214 2439 1241 2480 2⁵

189 2510 266 2597 quoi
289 2509 480 2594 maioribus,
508 2508 585 2594 quoi
607 2508 818 2592 lactentibus,
842 2509 918 2594 quoi
941 2510 1100 2594 maribus,
1124 2510 1200 2595 quoi

188 2598 328 2666 feminis.
372 2597 488 2664 Plures
517 2600 626 2662 autem
650 2599 783 2662 deorum
806 2597 964 2683 omnium,
991 2598 1113 2685 singuli
1137 2599 1200 2665 sin·

190 2689 342 2776 gulorum
370 2687 552 2753 sacerdotes
581 2690 614 2750 et
636 2686 851 2772 respondendi
874 2686 954 2752 iuris
977 2690 1011 2752 et
1034 2686 1200 2753 conficien-

190 2779 304 2842 darum
318 2775 514 2862 religionum
527 2774 720 2840 facultatem
736 2774 895 2840 adferunt.
919 2772 1087 2859 Quomque
1096 2774 1200 2840 Vesta

190 2866 283 2951 quasi
311 2865 421 2931 focum
447 2864 552 2947 artic,
578 2867 616 2927 ut
639 2862 762 2930 Graeco
790 2863 921 2928 nomine
950 2867 1001 2928 est
1024 2864 1199 2948 appellata,
1212 2881 1239 2922 oo

190 2954 276 3038 quod
298 2974 357 3018 nos
378 2974 480 3039 prope
498 2953 585 3017 idem
603 2949 772 3037 Graecum,
793 2973 857 3017 aon
875 2952 1127 3037 interpretatum
1145 2974 1200 3018 no·

190 3064 264 3107 men
286 3045 442 3126 tenemus,
466 3041 623 3126 conplexa
646 3041 698 3124 sit,
722 3040 752 3106 ei
775 3040 927 3106 colendae
946 3040 1090 3126 virgines
1109 3062 1200 3127 prae

190 3129 271 3212 sint,
303 3133 340 3194 ut
372 3129 570 3215 advigiletur
601 3127 729 3194 facilius
763 3129 804 3193 ad
836 3128 1016 3194 custodiam
1048 3128 1134 3215 ignis
1167 3132 1199 3194 ct

190 3218 333 3282 sentiant
362 3217 514 3282 mulieres
542 3220 694 3282 naturam
723 3216 919 3283 feminarum
948 3240 1078 3283 omnem
1106 3218 1199 3283 casti-

189 3309 293 3369 tatem
316 3304 395 3390 pati.
1211 3322 1235 3364 as

138 3405 171 3454 30
257 3390 349 3468 Quod
373 3392 518 3476 sequitur
539 3415 626 3476 vero,
648 3415 714 3458 non
734 3394 840 3458 solum
859 3394 900 3459 ad
918 3394 1112 3479 religionem
1130 3416 1199 3479 per·

188 3481 286 3563 tinet,
314 3480 370 3544 sed
393 3480 492 3544 etiam
516 3479 557 3545 ad
580 3480 721 3545 civitatis
746 3485 884 3565 statum,
912 3485 949 3546 ut
972 3483 1042 3546 sine
1065 3482 1119 3565 iis,
1144 3483 1199 3566 qui
1289 3526 1290 3549 2
