2654 3912
423 212 489 266 ΜΒ.
511 212 557 265 lv.
578 209 654 265 cAP.
674 217 751 264 a-a.
771 216 786 275 s
805 217 883 264 a-a.
1093 207 1156 272 357

147 355 280 421 homine
302 356 407 420 nobili
428 355 632 438 blanditiam,
655 354 922 438 adsentationem,
946 352 1159 418 ambitionem

147 443 292 528 'smeam
315 465 385 509 esse
408 444 562 509 levitatis.
598 443 695 525 (Non.
712 464 748 526 p.
766 448 837 508 194.
860 444 929 527 27.)

215 534 341 598 Intuere
365 534 533 615 partiatum
559 534 642 614 ipsos
670 533 707 597 de
733 553 767 597 re
790 532 915 613 publiea
941 531 1048 608 libros,
1079 531 1160 595 unm

147 622 240 687 altam
261 621 414 702 adfectam
436 622 644 687 amantissimi
661 622 736 687 cinis
753 619 879 698 etztnti
901 620 983 702 qnod
997 618 1104 683 naun
1119 620 1163 683 sit

122 726 135 768 s
143 712 271 792 patriae
301 711 475 776 consumti
503 711 612 776 modus
637 715 694 774 aut
718 711 794 793 nnn
820 709 919 787 bonu,
950 709 1082 790 intuere,
1114 706 1161 771 oo

147 819 230 864 secra
253 804 289 878 te,
310 804 340 864 et
361 819 454 876 cerne,
476 799 669 881 quantitati
691 798 834 864 laudibus
855 797 1023 880 fntpatitus
1045 801 1075 860 et
1090 815 1161 860 con-

150 888 280 952 tinentia
311 889 506 971 praedicetnr
541 893 571 952 et
605 907 678 970 erpa
708 886 868 970 coniugale
897 886 1055 951 naculum
1085 884 1161 967 fides

148 978 294 1058 auctione,
321 976 438 1042 tanati
464 996 502 1041 aa
517 976 610 1058 proti
631 996 738 1041 mores.
774 972 982 1059 (Augustinus
1003 975 1088 1056 epist.
1110 977 1161 1038 91.

151 1070 174 1131 3
193 1065 228 1129 Τ.
250 1064 297 1129 II
308 1086 344 1147 p.
365 1068 433 1131 223
454 1063 585 1147 Bened.)

43 1228 48 1233 ,
112 1187 138 1229 ιο
218 1171 265 1235 u.
290 1171 413 1236 aaran
440 1172 477 1237 a
503 1191 537 1235 n
557 1170 643 1252 pat.
667 1170 717 1235 aa.
740 1168 810 1235 ru.-
838 1168 1006 1254 naman,
1030 1188 1089 1232 neo
1112 1132 1199 1259 a}

152 1281 225 1322 rum
251 1259 371 1343 solum,
399 1259 455 1324 sed
477 1259 652 1324 verborum
675 1259 774 1323 etiam
798 1257 1004 1344 elegantiam.
1041 1253 1076 1320 si
1098 1254 1161 1320 iur-

152 1351 247 1433 gant,
268 1347 384 1431 inquit.
419 1347 651 1412 Benivolorum
675 1347 882 1431 concertatio,
904 1367 971 1410 non
992 1345 1034 1408 lis
1056 1342 1162 1408 inimi·

153 1457 273 1518 corum,
295 1436 438 1522 iurgium
457 1436 582 1501 dicitur.
618 1436 664 1500 Et
681 1437 717 1500 in
733 1436 884 1517 sequenti:
907 1433 1042 1519 Iurgare
1059 1432 1163 1517 igitur

152 1524 205 1588 lex
222 1527 319 1610 putat
337 1524 423 1589 inter
442 1546 477 1590 se
490 1524 624 1607 vicinos,
641 1546 709 1588 non
721 1524 863 1610 litigare.
886 1521 1163 1605 (Non.p.430sq.)

116 1648 141 1689 u
221 1629 270 1695 M.
295 1629 418 1695 Tattius
446 1632 483 1696 de
508 1651 542 1696 re
562 1631 648 1712 publ.
676 1631 726 1696 tn.
748 1631 773 1695 I
775 1630 818 1695 V.-
850 1628 979 1693 eosdem
1006 1627 1162 1691 terminos

152 1717 322 1782 hominum
346 1740 440 1783 curae
464 1722 562 1802 atque
584 1719 681 1803 vitae,
705 1720 751 1784 sia
774 1717 940 1803 pontificio
958 1716 1028 1782 iare
1047 1715 1162 1781 sancti·

152 1806 231 1871 tudo
256 1808 451 1892 sepulturae.
487 1806 731 1890 (Non.p.174.
754 1808 799 1891 5.)

219 1913 267 1977 M.
299 1911 421 1977 Tattius
451 1915 488 1979 ae
517 1934 552 1978 re
573 1913 660 1996 picit.
689 1914 739 1978 lib.
766 1911 835 1977 IV:
869 1911 955 1996 quod
981 1912 1163 1997 insepultos

154 2001 363 2084 reliquissent
386 2023 451 2085 eos,
475 2023 554 2086 quos
579 2023 596 2066 e
619 2000 702 2066 mari
720 2004 854 2086 propter
873 2001 940 2065 vim
958 1999 1163 2086 tempestatis

114 2109 140 2148 ro
154 2090 300 2175 excipere
323 2110 388 2153 non
411 2091 603 2175 potuissent,
625 2090 813 2154 innoeentes
836 2089 1031 2156 necaverint.
1065 2088 1163 2172 (Nan.

146 2199 181 2261 p.
203 2182 277 2244 293.
300 2181 345 2244 24
368 2178 473 2258 Mera,
495 2183 569 2244 293.
592 2184 636 2244 43
660 2178 782 2261 (liciat.)

219 2284 268 2349 Μ
293 2285 417 2350 Duilius
437 2286 473 2350 de
494 2305 528 2349 re
543 2285 629 2367 ruiti.
653 2280 703 2349 tib.
721 2285 746 2349 I
748 2285 791 2350 V.-
818 2306 877 2351 nec
903 2285 938 2350 in
960 2285 1021 2351 hac
1044 2285 1165 2351 dissen-

154 2373 245 2438 sione
274 2373 400 2459 suscepi
427 2373 542 2459 populi
568 2394 713 2458 causam,
741 2373 798 2438 sed
820 2374 988 2440 bonorum.
1024 2376 1165 2460 (Nonius

116 2569 141 2609 aa
222 2549 284 2616 (ic.
310 2553 347 2614 in
368 2550 427 2615 IV
447 2552 484 2616 de
508 2571 543 2615 re
564 2551 666 2633 piot:
698 2548 775 2616 Non
806 2551 892 2616 enim
918 2551 1015 2616 facile
1041 2551 1166 2616 valenti

156 2639 279 2724 populo
302 2638 475 2723 resistitur,
498 2638 527 2703 si
549 2642 607 2703 aut
629 2638 712 2703 nihil
735 2641 815 2705 imis
837 2639 1006 2726 impertias
1030 2644 1087 2704 aut
1109 2661 1166 2724 pa·

155 2749 236 2790 rum.
272 2726 471 2810 (naerens
493 2727 565 2792 XV
581 2732 612 2792 4.
634 2731 730 2810 201).
755 2734 804 2794 76.
826 2734 868 2794 14
891 2728 1013 2812 Herta.)

47 2843 50 2849 ’
220 2832 269 2897 Μ.
292 2832 413 2898 licitiae
435 2834 471 2898 de
491 2854 525 2897 re
541 2834 627 2916 preti.
645 2834 695 2900 lib.
714 2833 785 2900 IV:
809 2832 870 2900 Oui
889 2833 1018 2919 quidem
1036 2834 1164 2900 utinam

155 2941 230 2985 vers
257 2920 398 3092 fidpliter
424 2920 663 3005 †abundiente
691 2923 928 3009 auguraverim.
972 2921 1112 3005 (Nonius
1128 2944 1165 3006 p.

117 3025 142 3066 aa
154 3013 227 3074 469.
250 3014 299 3073 14.

221 3097 359 3162 Frustra
380 3096 437 3164 tae
457 3099 646 3165 matunante
669 3099 823 3178 (iterem,
845 3102 899 3182 qai
920 3120 990 3166 aem
1011 3101 1048 3166 de
1062 3063 1201 3190 peuri

154 3190 271 3268 opera:
298 3185 350 3251 Ad
378 3208 459 3271 quos
486 3209 561 3253 cum
588 3188 737 3273 accessit,
762 3191 876 3271 inanit,
903 3188 1027 3255 clamor
1054 3192 1087 3253 et
1111 3187 1164 3254 ad·

154 3273 306 3357 probatio
335 3275 450 3360 populi
482 3276 575 3361 quasi
607 3277 719 3363 magni
747 3278 913 3343 cuiusdam
943 3281 976 3342 et
1006 3277 1162 3362 sapientis

156 3363 319 3447 magistri,
348 3385 428 3448 quas
450 3364 502 3429 illi
525 3365 690 3431 obducunt
712 3366 878 3452 tenebras,
901 3387 984 3451 quos
1004 3365 1163 3431 invehunt

116 3467 143 3508 a
156 3455 275 3534 metus,
308 3473 389 3536 quas
416 3453 621 3520 inflammant
647 3453 856 3539 cupiditates!
892 3455 1101 3547 (Aapnsttnus
1126 3455 1164 3520 dc

154 3541 209 3606 civ.
230 3541 280 3606 dei
301 3539 408 3606 1114
430 3542 504 3627 cat)
