2654 3912
152 126 218 246 aio
546 179 596 235 aa
614 179 771 236 LEGIBUS

152 325 211 392 deo
235 322 423 391 similitudo.
459 324 552 401 Quod
575 326 674 410 quom
695 324 745 392 ite
763 325 815 409 sit,
838 347 921 411 quae
939 326 1072 392 tandem
1090 334 1164 393 esse

152 417 261 499 potest
279 414 413 500 propior
430 414 589 481 certioris
603 414 778 500 coguatio?
805 413 922 500 Itaque
936 416 978 480 ad
991 415 1163 481 hominnm

146 502 406 568 commoditates
419 507 453 568 et
469 524 547 568 usus
566 506 694 569 tantam
712 524 821 568 rernm
838 503 1024 570 ubertatem
1042 508 1164 570 natura

152 591 273 679 largita
301 595 369 675 ests
393 594 431 656 ut
458 613 509 676 ea,
539 613 621 676 quae
645 590 837 678 gignuntur,
867 591 989 658 donata
1008 594 1162 659 consulto

142 680 255 764 nobis,
276 702 344 746 non
360 679 497 745 fortuito
515 683 594 745 nata
611 680 791 764 videantur,
809 701 868 746 uec
887 682 993 747 solum
1012 704 1059 766 ea,
1078 704 1163 767 quae
1192 700 1210 741 a

150 769 300 856 frugibus
333 773 430 854 atque
461 768 551 833 bacis
583 772 689 844 terrae
720 768 791 834 fetu
817 769 1072 857 profunduntur,
1105 771 1163 836 sed

152 858 251 923 etiam
277 857 428 943 pecudes,
457 856 544 942 quod
565 856 771 942 perspicuum
794 856 851 942 sit,
880 858 1003 943 partim
1026 880 1097 924 esse
1120 859 1163 924 ad

151 968 246 1011 usum
263 945 440 1028 hominum,
462 944 585 1030 partim
603 945 645 1010 ad
660 944 812 1029 fructum,
832 946 954 1032 partim
973 947 1014 1011 ad
1032 969 1163 1013 vescen-

99 1046 132 1095 26
152 1034 229 1101 dum
259 1037 456 1120 procreatas.
500 1033 600 1099 Artes
626 1054 705 1099 vero
732 1033 985 1100 innumerabiles
1012 1040 1163 1122 repertae

152 1126 228 1188 sunt
250 1122 385 1188 docente
405 1126 537 1207 natura3
559 1141 657 1207 quam
674 1121 806 1188 imitata
822 1123 907 1189 ratio
927 1145 980 1189 res
999 1124 1041 1188 ad
1058 1124 1161 1190 vitam
1176 1144 1208 1184 ro

112 1212 132 1276 9
151 1210 349 1276 necessarias
374 1211 525 1276 sollerter
548 1214 721 1277 consecute
744 1215 803 1277 est.
841 1210 954 1298 Ipsum
978 1216 1087 1278 autem
1105 1213 1163 1278 ho

152 1298 272 1365 minem
295 1299 407 1364 eadem
428 1302 548 1365 natura
569 1321 635 1365 non
659 1301 765 1365 solum
788 1300 954 1366 celeritate
973 1301 1092 1366 mentis
1112 1322 1163 1367 or·

151 1387 256 1472 navit,
285 1389 341 1453 sed
368 1390 402 1452 et
429 1409 543 1453 sensus
566 1390 735 1473 tamquam
758 1388 918 1454 satellites
942 1389 1101 1455 adtribuit
1123 1412 1162 1456 ac

150 1477 283 1561 nuntios
311 1480 344 1541 et
371 1497 479 1542 rerum
505 1476 720 1562 plurimarum
749 1478 903 1543 obscuras
930 1499 989 1544 nec
1012 1478 1108 1543 satis.
1123 1529 1154 1544 ..

144 1564 392 1652 intellegentias
427 1564 594 1631 inchoarit
630 1565 723 1649 quasi
758 1564 970 1632 fundamenta
1001 1568 1162 1652 quaedam
1176 1585 1206 1626 ιδ

152 1654 305 1720 scientiae
333 1653 538 1740 figuramque
566 1653 713 1738 corporis
739 1654 884 1721 habilem
910 1658 945 1720 et
972 1659 1084 1741 aptam
1110 1657 1162 1721 in-

123 1772 127 1779 ·
152 1743 247 1830 genio
274 1742 416 1807 humano
444 1741 540 1807 dedit.
586 1740 673 1807 Nam
700 1764 799 1828 quom
826 1746 950 1809 ceteras
978 1744 1161 1810 animantes

152 1830 324 1897 abiecisset
355 1830 396 1896 sd
424 1833 569 1916 pastum,
601 1830 708 1896 solum
736 1830 902 1896 hominem
929 1832 1031 1897 erexit
1058 1836 1092 1898 et
1119 1834 1161 1899 ad

151 1919 233 1986 caeli
260 1918 354 2006 quasi
380 1918 584 2006 cognationis
611 1919 830 2004 domiciliique
856 1919 988 2005 pristini
1011 1943 1161 2007 conspec-

151 2014 221 2074 tum
249 2008 416 2093 excitarit,
440 2011 512 2073 tum
540 2009 679 2094 speciem
706 2008 754 2073 ita
780 2008 936 2075 formavit
958 2009 1038 2093 oris,
1065 2015 1103 2075 ut
1125 2011 1161 2076 in
1174 2028 1204 2069 20

97 2109 131 2158 rt
151 2120 190 2163 ea
216 2097 345 2183 penitus
371 2096 555 2162 reconditos
578 2118 685 2162 mores
709 2096 891 2183 effingeret3
917 2102 1051 2163 namet
1074 2099 1161 2164 oculi

149 2186 248 2250 nimis
276 2185 399 2271 arguti,
427 2207 523 2270 quem
550 2185 591 2249 ad
618 2185 750 2250 modum
778 2186 886 2251 animo
914 2186 1022 2253 affecti
1049 2187 1160 2272 simus,

151 2276 342 2358 loquuntur,
369 2275 403 2338 et
424 2272 466 2356 is,
494 2271 550 2357 qui
573 2272 758 2359 appellatur
780 2275 904 2359 vultus,
932 2275 989 2360 qui
1010 2276 1102 2341 nullo
1124 2276 1161 2341 in

151 2362 316 2428 animante
339 2383 409 2427 esse
431 2365 561 2447 praeter
578 2361 744 2428 hominem
762 2365 880 2449 potest,
903 2362 1025 2429 indicat
1043 2385 1160 2449 mores,

151 2450 266 2537 quoius
289 2450 356 2516 vim
370 2448 486 2517 Graeci
503 2454 634 2535 norunt,
644 2472 774 2516 -nomen
792 2451 924 2517 omnino
943 2473 1009 2517 non
1027 2452 1159 2519 habent.
1174 2471 1201 2512 2⁵

151 2539 277 2605 Omitto
309 2539 549 2626 oportunitates
578 2539 833 2624 habilitatesque
859 2539 977 2625 reliqui
1004 2541 1160 2627 corporis,

150 2628 406 2695 moderationem
432 2628 535 2714 vocis,
563 2629 719 2695 orationis
742 2629 823 2713 vim,
851 2650 933 2714 quae
956 2629 1159 2695 conciliatrix

150 2722 202 2784 est
232 2718 394 2783 humanae
421 2717 566 2783 'mamma
594 2717 774 2801 societatis3
804 2738 909 2802 neque
936 2716 1022 2783 enim
1050 2719 1159 2784 omnia

149 2809 233 2872 sunt
253 2806 349 2872 huius
373 2806 602 2892 disputationis
625 2828 664 2872 ac
685 2805 857 2892 temporis,
886 2808 921 2872 et
942 2805 1028 2873 hunc
1051 2807 1157 2873 locum

149 2895 246 2979 satis,
268 2898 306 2961 ut
328 2894 410 2960 mihi
431 2895 572 2979 ridetur,
593 2893 630 2959 in
650 2894 692 2959 iis
714 2894 820 2979 libris,
843 2915 924 2980 quos
947 2895 1085 2982 legistis,
1108 2919 1159 2961 ex·
1172 2913 1202 2954 ω

149 2983 270 3070 pressit
296 2981 419 3069 Scipio3
448 3005 546 3067 nunc,
573 2983 727 3067 quoniam
753 2983 932 3067 hominem,
960 2984 1047 3068 quod
1072 2985 1159 3070 prin·

98 3128 102 3133 .
149 3072 271 3157 cipium
302 3073 502 3157 reliquarum
532 3093 640 3137 rerum
673 3093 744 3137 esse
761 3071 894 3155 soluit,
926 3072 1095 3159 generavit
1126 3075 1160 3137 et

150 3159 281 3225 ornavit
303 3161 391 3243 dens,
412 3160 616 3246 perspicuum
639 3160 684 3226 sit
701 3159 792 3245 illud,
814 3181 855 3225 ne
874 3160 984 3226 omnia
1002 3160 1160 3226 disseran-

148 3252 214 3330 tur,
227 3249 334 3332 ipsam
347 3270 406 3333 par
420 3269 455 3313 se
468 3250 619 3313 naturam
633 3248 765 3334 longius
776 3248 943 3336 progredi3
963 3271 1045 3334 quae
1059 3249 1159 3315 etiam

148 3336 241 3401 nullo
272 3336 407 3401 docente
435 3334 582 3421 profecta
609 3337 649 3401 ab
676 3336 731 3420 iis,
762 3358 899 3422 quornm
926 3359 966 3402 ex
992 3338 1099 3423 prima
1126 3342 1159 3403 et
1174 3355 1201 3396 sa

150 3422 305 3488 inchoata
326 3422 552 3508 intellegentia
575 3443 693 3508 genera
710 3425 874 3512 cognorit,
896 3425 1069 3491 confirmat
1086 3427 1159 3512 ipsa

150 3532 209 3594 per
232 3532 266 3575 se
289 3510 449 3575 rationem
472 3513 505 3574 et
526 3510 661 3594 perficit.
