2630 3904
186 184 230 248 42
496 182 546 237 DE
565 182 718 237 NATURA
736 181 892 237 DEORUM

134 340 185 390 110
200 329 257 394 sed
279 329 411 394 omnino
433 327 516 393 nihil
540 331 662 411 curent,
684 327 766 392 nihil
790 327 914 411 agant?
951 326 998 392 At
1016 330 1068 392 est
1086 348 1206 393 eorum

187 416 305 483 eximia
337 416 496 501 quaedam
525 419 761 501 praestansque
788 419 919 500 natura,
950 419 989 480 ut
1016 437 1055 481 ea
1082 415 1206 481 debeat

186 507 259 591 ipsa
287 527 346 591 per
373 527 408 571 se
436 505 478 570 ad
505 526 540 569 se
563 504 731 571 colendam
755 504 885 571 allicere
908 504 1099 590 sapientem.
1148 504 1207 569 An

187 594 360 679 quicquam
383 594 537 660 eximium
559 597 670 678 potest
688 614 758 658 esse
776 593 812 658 in
830 615 869 659 ea
885 596 1014 678 natura,
1037 614 1121 677 quae
1142 615 1207 659 sua

186 683 356 768 voluptate
379 683 506 748 laetans
528 682 612 746 nihil
635 704 694 747 nec
717 685 830 747 actura
853 682 897 746 sit
919 704 1075 766 umquam
1093 704 1206 767 neque
1234 700 1246 741 ⁵

188 775 267 859 agat
293 793 398 855 neque
425 770 552 858 egerit?
606 792 667 835 uae
693 792 792 855 porro
819 771 926 855 pietas
950 771 981 835 ei
1003 771 1156 856 debetur,
1185 794 1207 837 a

188 882 251 945 quo
278 860 362 924 nihil
391 859 574 944 acceperis?
603 882 644 924 au
683 841 1207 943 quuim‘ffiffiffihffllum

187 949 340 1014 meritum
363 947 416 1032 sit,
440 948 470 1012 ei
493 947 602 1013 deberi
624 948 756 1033 potest?
792 947 855 1013 Est
877 947 965 1013 enim
983 948 1089 1032 pietas
1108 949 1207 1013 iusti·
1302 990 1303 995 κ

187 1037 236 1102 tia
258 1037 430 1102 adversum
448 1036 540 1121 deos3
563 1059 636 1102 cum
655 1036 772 1120 quibus
791 1035 868 1120 quid
886 1039 997 1120 potest
1014 1036 1109 1101 nobis
1130 1059 1206 1103 esse

187 1125 281 1208 iuris,
313 1147 386 1190 cum
417 1124 542 1191 homini
573 1125 666 1189 nulla
697 1147 769 1190 cum
800 1124 860 1190 deo
887 1124 932 1189 sit
960 1125 1206 1191 communitas?
1221 1145 1246 1184 n

187 1211 352 1279 Sanctitas
376 1217 485 1280 autem
508 1217 560 1279 est
583 1212 718 1279 scientia
741 1213 950 1278 colendorum
974 1213 1122 1298 deorum3
1146 1215 1206 1299 qui

188 1324 287 1387 quarn
315 1303 357 1367 ob
386 1324 455 1368 rem
483 1302 610 1368 colendi
632 1301 711 1387 sint,
739 1323 805 1367 non
827 1300 999 1388 intellego,
1026 1302 1118 1368 nullo
1142 1325 1205 1369 nec

10 1464 73 1523 Μ
95 1437 113 1515 «ἦ
134 1413 262 1512 42acce
286 1401 322 1493 to
345 1391 387 1456 ab
410 1391 450 1455 iis
473 1412 532 1457 nee
555 1394 686 1543 speradto
709 1390 804 1455 bono.

137 1479 1243 1654 11111111111,111111111111111

188 1658 284 1745 mus?
321 1654 407 1722 Nam
430 1657 671 1742 superstitione,
693 1656 781 1740 quod
804 1656 940 1742 gloriari
959 1657 1082 1741 soletis,
1104 1656 1204 1724 facile
1303 1712 1304 1715 ¹

189 1742 242 1812 e'st'
262 1744 408 1829 liberari,
436 1767 509 1812 cum
532 1745 703 1811 sustuleris
727 1766 856 1810 omnem
878 1745 945 1810 vim
968 1745 1115 1830 deorum,
1137 1747 1204 1812 nisi

187 1833 273 1900 forte
286 1834 468 1920 Diagoram
491 1837 548 1899 aut
562 1833 776 1917 Theodorum,
800 1834 855 1918 qui
878 1834 1010 1899 omnino
1034 1834 1111 1901 deos
1130 1857 1203 1901 esse

188 1923 365 2009 negabant,
388 1944 499 1988 censes
523 1922 768 2009 superstitiosos
787 1944 857 1988 esse
875 1922 1031 2007 potuisse.
1066 1922 1141 2011 Ego
1160 1946 1203 1989 ne

188 2011 406 2098 Protagoram
436 2010 579 2097 quidem,
611 2010 663 2076 cui
689 2013 841 2076 neutrum
868 2011 1011 2096 licuerit,
1041 2033 1101 2079 nec
1130 2034 1202 2078 esse
1217 2033 1240 2074 a

190 2101 267 2166 deos
293 2122 353 2165 nec
377 2121 444 2165 non
466 2121 546 2165 csse.
590 2098 718 2165 Horum
742 2099 828 2164 enim
851 2100 1032 2166 sententiae
1055 2102 1201 2166 omnium
1304 2130 1305 2187 p

188 2211 255 2255 non
277 2188 373 2257 modo
396 2187 662 2275 superstitionem
684 2188 820 2272 tollunt,
847 2188 883 2253 in
906 2210 970 2273 qua
991 2189 1078 2255 inest
1100 2190 1201 2256 timor
1304 2194 1305 2205 ’

187 2277 295 2343 manis
327 2276 473 2361 deorum,
506 2276 924 2379 senefiampeligionem,
957 2299 1039 2362 quae
1067 2278 1201 2344 deorum

137 2376 188 2426 118
202 2367 292 2432 cultu
319 2367 374 2451 pio
402 2366 595 2433 continetur.
640 2358 895 2450 Quiffi··qui
922 2365 1072 2431 dixerunt
1094 2371 1200 2434 totam

190 2456 228 2522 de
251 2455 301 2520 dis
323 2455 555 2522 inmortalibus
574 2454 760 2540 opinionem
778 2454 889 2520 fictam
908 2476 978 2519 esse
997 2456 1038 2520 ab
1062 2456 1199 2521 homini·
1212 2477 1236 2516 a

189 2545 250 2610 bus
274 2544 476 2629 sapientibus
499 2543 547 2609 rei
565 2543 716 2629 publicae
735 2564 842 2626 causa,
864 2547 911 2627 ut,
930 2565 1012 2628 quos
1030 2544 1116 2609 ratio
1134 2567 1200 2610 non

188 2637 311 2720 posset,
332 2654 388 2699 eos
412 2633 454 2699 ad
476 2632 619 2698 officium
642 2631 758 2718 religio
782 2630 921 2714 duceret,
943 2653 1050 2697 nonne
1071 2654 1198 2699 omnem
1277 2631 1279 2634 ’

189 2721 382 2808 religionem
401 2721 547 2787 frmditus
563 2720 787 2786 sustulerunt?
811 2718 920 2795 Quid?
942 2719 1098 2786 Prodicus
1114 2720 1198 2807 Cius,

191 2809 246 2894 qui
274 2831 326 2893 ea,
359 2831 441 2893 quae
470 2809 663 2896 prodessent
683 2808 852 2874 hominum
875 2808 977 2894 vitae,
1009 2809 1143 2875 deorum
1165 2810 1198 2875 in

189 2919 324 2963 numero
355 2897 471 2963 habita
498 2920 568 2963 esse
596 2898 690 2981 dixit,
723 2919 821 2981 quam
847 2897 980 2962 tandem
1006 2898 1196 2985 religionem
1210 2919 1234 2959 ro

138 2998 189 3048 119
204 2985 357 3070 reliquit?
394 2984 500 3062 Quid?
523 2986 578 3071 qni
599 2991 656 3052 aut
673 2985 770 3051 fortis
789 2989 846 3051 aut
864 2986 971 3052 claros
985 2990 1043 3052 aut
1056 2987 1197 3072 potentis

190 3074 278 3140 viros
300 3075 436 3141 tradunt
457 3078 533 3161 post
551 3078 691 3140 mortem
709 3074 751 3140 ad
769 3074 845 3139 deos
863 3074 1059 3159 pervenisse,
1081 3097 1197 3161 eosque

190 3185 261 3229 esse
284 3163 383 3248 ipsos,
406 3185 486 3248 quos
509 3184 569 3229 nos
589 3163 703 3246 colere,
725 3162 851 3248 precari
868 3162 1080 3248 venerarique
1098 3164 1197 3231 solea·

190 3273 276 3334 mus,
300 3274 407 3318 nonne
431 3255 578 3337 expertes
602 3255 678 3317 sunt
701 3250 897 3338 religionum
920 3250 1088 3318 omnium?
1117 3274 1195 3338 quae

189 3340 274 3406 ratio
298 3341 437 3406 maxime
459 3342 603 3417 tractata
626 3340 667 3404 ab
689 3338 872 3405 Euhemero
892 3343 952 3423 est,
976 3362 1070 3424 quem
1088 3346 1232 3406 nosteros

189 3433 224 3494 et
245 3430 478 3515 interpretatus
501 3431 535 3493 et
558 3432 686 3493 secutus
709 3432 760 3493 est
778 3431 908 3513 praeter
926 3432 1052 3494 ceteros
1065 3428 1195 3495 Ennius.

189 3518 243 3583 Ab
264 3518 447 3585 Euhemero
471 3521 580 3582 autem
604 3518 637 3582 et
659 3520 781 3581 mortes
804 3519 838 3581 et
861 3518 1048 3600 sepulturae
1071 3517 1195 3584 demon·
