2652 3908
205 235 247 301 70
513 233 561 290 DE
579 233 733 290 NATURA
750 232 906 289 DEORUM

203 403 276 448 oum
299 400 337 446 eo
360 400 489 445 summa
509 376 702 444 coniunctio.
745 375 986 445 Effeminarunt
1008 380 1119 444 autem
1137 398 1215 443 eum

202 467 382 552 Iunonique
404 467 599 552 tribuerunt,
622 466 709 553 quod
730 466 814 531 nihil
837 470 888 533 est
910 488 949 534 eo
967 464 1109 532 mollius.
1148 463 1217 532 Sed
1300 480 1301 527 ι

202 556 359 623 Iunonem
382 578 402 622 a
424 555 564 622 iuvando
588 554 682 621 oredo
700 554 912 622 nominatam
948 554 1047 640 Aqua
1063 555 1217 620 restabat

203 650 236 712 et
252 649 351 729 terra,
369 648 407 709 ιιι
425 647 534 710 essent
552 665 591 710 ex
608 642 730 709 fabulis
747 643 814 709 tria
825 664 929 731 regna
942 643 1054 709 divisa
1086 642 1217 709 Datum

202 738 254 800 est
284 734 387 820 igitur
415 731 583 818 Neptuno,
617 730 714 798 alteri
741 729 844 818 Iovis,
878 735 917 798 ιιι
946 733 1076 817 volunt,
1104 730 1256 817 fratria

202 822 404 888 maritimum
432 842 527 887 omne
549 842 703 908 regnum,
731 841 913 906 nomenque
935 821 1141 906 productum,
1177 824 1219 885 ut
1301 846 1302 885 ι

201 909 365 977 Portunus
390 931 410 975 a
431 913 539 995 portu,
562 909 609 975 sio
626 907 799 994 Neptunus
822 930 843 974 a
863 909 971 975 nando
994 909 1130 995 paulum
1146 910 1219 995 pri-
1301 918 1302 931 ¹

202 1000 265 1065 mis
301 998 422 1064 litteris
458 997 650 1064 immutatis.
703 996 846 1063 Terrena
879 1001 989 1063 autem
1021 998 1071 1063 ris
1103 998 1218 1064 omnis

202 1092 300 1172 atque
326 1091 446 1152 natura
470 1086 542 1152 Diti
567 1085 656 1193 patri
683 1085 831 1152 dedicata
858 1090 920 1171 est,
951 1085 1008 1172 qui
1029 1084 1143 1173 Dives,
1177 1090 1219 1151 nt

202 1175 288 1262 apud
315 1173 456 1242 Graecos
483 1179 664 1257 Πλουτων,
697 1174 773 1261 quia
805 1178 838 1241 et
864 1173 1012 1241 recidunt
1039 1174 1149 1241 omnia
1180 1174 1220 1240 in
1234 1195 1258 1233 ιι

202 1269 306 1331 terras
334 1267 369 1330 ιι
396 1264 545 1331 oriuntur
574 1284 591 1328 ι
618 1263 725 1330 terris.
770 1260 832 1330 Oui
852 1268 984 1348 nuptam
1005 1264 1112 1329 cluunt
1132 1261 1219 1329 Pro·

201 1354 379 1439 serpinam,
405 1352 492 1438 quod
514 1348 712 1418 Graecorum
738 1372 858 1418 nomen
885 1356 949 1437 est3
980 1373 1020 1418 ea
1042 1352 1128 1417 enim
1150 1358 1219 1436 est,

202 1464 284 1528 quae
316 1437 518 1526 Περσεφόνη
551 1439 673 1506 Graece
708 1440 911 1526 nominatur,
948 1461 1047 1525 quam
1077 1441 1219 1527 frugum
1302 1462 1303 1465 ¹

202 1550 312 1597 semen
344 1551 415 1596 esse
446 1530 562 1596 volunt
591 1528 878 1614 absconditamque
910 1529 1023 1614 quaeri
1054 1551 1074 1595 a
1104 1534 1218 1595 matre

150 1634 182 1685 ot
201 1620 337 1707 fingunt.
382 1617 490 1684 Mater
516 1621 625 1685 autem
648 1621 699 1683 est
721 1639 742 1683 a
764 1616 914 1705 gerendis
936 1616 1088 1704 frugibus
1111 1616 1216 1684 Oetes
1232 1638 1256 1679 ιι

200 1713 369 1793 tamquam
398 1705 532 1791 ‘Getes’‚
563 1727 703 1792 casuque
733 1706 841 1792 prima
872 1706 985 1772 littera
1010 1705 1124 1773 itidem
1150 1707 1217 1772 im-
1303 1726 1304 1749 ¹

202 1801 338 1879 mutata,
360 1799 398 1861 ut
420 1817 441 1861 a
462 1793 609 1878 Graecis3
638 1816 714 1859 narn
738 1794 779 1860 ab
803 1794 871 1860 illia
895 1816 1022 1880 quoque
1046 1790 1216 1881 Δημήτηρ

202 1885 295 1971 quasi
320 1879 475 1969 Γημήτηρ
505 1883 675 1949 nominata
704 1886 763 1949 est.
807 1881 879 1949 Iam
909 1882 966 1968 qui
991 1905 1112 1970 magna
1140 1906 1217 1949 ver·

202 1978 296 2058 teret,
320 1971 461 2056 Mavors,
482 1970 629 2037 Minerva
652 1975 770 2055 autem,
793 1993 875 2057 quae
898 1972 950 2038 vel
974 1972 1135 2040 minueret
1155 1974 1215 2038 vel

74 2094 77 2100 ·
149 2056 190 2120 27
202 2062 388 2129 minaretur.
434 2057 579 2145 Cumque
606 2060 642 2126 in
668 2059 818 2126 omnibus
841 2061 938 2127 rebus
960 2060 1029 2127 rim
1050 2060 1255 2127 haberentro
1304 2102 1305 2105 ι

202 2171 388 2217 maxumam
404 2148 511 2234 prima
529 2151 563 2214 et
581 2153 735 2234 extrema,
757 2149 935 2235 prinoipem
949 2148 984 2214 in
997 2148 1215 2216 sacrificando

201 2238 317 2306 Ianum
340 2258 410 2303 esse
433 2237 615 2322 voluerunt,
638 2237 724 2322 quod
747 2229 916 2303 abeundo
938 2258 1059 2304 nomen
1080 2242 1131 2304 est
1154 2238 1215 2304 du·

202 2332 305 2410 etum,
334 2347 373 2392 ex
402 2347 466 2411 quo
494 2326 704 2392 transitiones
726 2325 857 2411 perviae
881 2324 978 2391 ‘iani'
1001 2325 1152 2412 foresque
1175 2327 1216 2393 in

201 2415 369 2481 liminibus
404 2414 616 2501 profanarum
653 2413 779 2480 aedium
812 2412 958 2481 ‘ianuae'
990 2415 1213 2482 nominantur.

201 2503 288 2570 Nam
314 2501 436 2570 Vestae
465 2525 586 2570 nornen
616 2524 637 2568 a
664 2500 810 2586 Graecis3
842 2524 881 2569 ea
913 2506 965 2568 est
994 2504 1093 2588 enim,
1125 2526 1213 2589 quae
1227 2522 1253 2563 ιι

202 2593 243 2659 ab
276 2592 343 2659 illie
366 2586 479 2658 Ἑστία
507 2592 632 2658 dieitur.
676 2589 737 2657 Vis
769 2595 879 2658 autem
907 2591 976 2657 eius
1005 2592 1047 2658 ad
1073 2614 1147 2659 aras
1176 2597 1213 2659 et

201 2681 290 2748 focos
322 2680 473 2767 pertinet.
518 2679 634 2765 Itaque
665 2680 700 2745 in
731 2701 770 2745 ea
802 2679 874 2763 dea,
907 2679 993 2766 quod
1021 2685 1072 2746 est
1100 2703 1212 2748 rerum

201 2774 311 2837 eustos
340 2770 553 2854 intumarum,
585 2768 691 2834 omnis
721 2772 755 2835 et
781 2768 926 2854 preoatio
953 2771 987 2835 et
1014 2769 1211 2836 saarifioatio

148 2880 182 2931 ιι
201 2862 346 2924 extrema
367 2860 427 2924 est.
463 2855 533 2923 Neo
554 2856 653 2943 longe
675 2857 796 2923 absunt
818 2857 859 2923 ab
882 2856 945 2923 hae
966 2856 1000 2923 vi
1023 2857 1056 2923 di
1068 2856 1210 2924 Penates

201 2948 269 3014 sive
296 2969 316 3013 a
342 2967 429 3032 penu
456 2944 553 3012 ducto
582 2945 713 3011 nomine
736 2942 802 3034 (est
824 2946 910 3013 enim
933 2967 1041 3032 omne,
1069 2968 1133 3032 quo
1156 2970 1210 3013 ve
1224 2966 1251 3006 ιο

201 3038 336 3102 scantur
357 3030 515 3119 homines,
536 3032 654 3120 penus)
678 3034 745 3099 eive
768 3034 810 3100 ab
834 3056 882 3119 eo,
905 3034 992 3120 quod
1013 3035 1143 3121 penitus
1160 3034 1210 3101 in·

200 3125 319 3208 sident3
347 3143 387 3188 ex
414 3143 478 3207 quo
506 3121 606 3188 etiam
633 3121 842 3209 ‘penetrales'
870 3123 1019 3209 apottis
1041 3128 1209 3190 vorantur.

198 3213 271 3279 Iam
292 3209 459 3298 Apollinis
480 3232 601 3278 nomen
623 3215 674 3277 est
697 3209 866 3297 Graecum,
889 3233 986 3297 quem
1003 3209 1114 3278 Solem
1136 3234 1209 3279 esse

198 3301 322 3368 volunt.
354 3298 495 3365 Dianam
518 3303 629 3366 autem
646 3302 681 3366 ιι
693 3297 820 3366 Lunam
838 3300 973 3367 eandem
992 3322 1062 3366 esse
1079 3304 1209 3387 putant,

195 3410 271 3455 oum
294 3385 351 3455 Sol
374 3386 479 3454 dietus
502 3388 556 3474 eit,
578 3387 632 3454 vel
655 3386 732 3474 quia
754 3388 844 3455 solus
868 3410 907 3454 ex
927 3389 1078 3454 omnibus
1097 3389 1208 3455 sideri-
1221 3407 1250 3448 ιι

194 3477 259 3542 bus
290 3480 340 3543 est
362 3479 474 3543 tantus
496 3476 550 3542 vel
572 3476 661 3562 quia,
691 3498 765 3542 oum
787 3480 838 3543 est
861 3480 1001 3562 exortus,
1024 3477 1208 3544 obscuratis

194 3565 349 3631 omnibus
372 3565 461 3631 solus
485 3569 631 3652 apparet,
653 3564 746 3630 Luna
768 3565 942 3631 aluoendo
959 3566 1130 3632 nominata
1148 3566 1208 3650 sit3
