2654 3924
163 169 230 233 290
523 168 572 225 ΒΕ
591 169 640 223 RE
657 168 813 225 PUBLICA

237 314 329 382 Urbis
355 316 526 380 condendae
552 314 701 397 criptaem
727 318 817 397 atque
842 332 969 380 causam
990 333 1055 379 aaa
1075 332 1175 379 emam

164 404 342 482 intuterant,
363 404 417 470 sed
437 405 497 469 alii
517 422 567 469 ecs
587 402 732 479 domines,
753 403 809 486 qm'
829 403 895 469 sim
910 422 947 468 ea
964 407 1048 467 terra
1060 403 1173 484 primi·

165 498 214 556 tus
241 493 323 569 nati,
353 512 422 557 cam
446 512 506 575 per
530 491 627 558 siloas
652 496 682 556 et
705 511 829 574 campos
849 492 1015 556 erraticam
1036 492 1176 574 deperent

159 581 260 645 citam
286 601 340 646 uec
366 581 430 645 atto
459 582 541 646 mter
566 599 598 645 se
623 580 773 645 samonis
798 584 856 645 aut
879 580 961 645 iaris
982 580 1104 645 viuculo
1125 599 1173 645 co·

160 668 329 748 haererent,
350 670 404 735 sed
423 669 549 749 frondes
570 673 600 733 et
619 667 745 733 teriam
755 687 818 751 pra
835 667 992 745 cattam,
1013 668 1174 750 speluncas
1202 684 1219 727 s

164 762 194 835 et
214 763 309 822 aetra
324 778 387 840 pra
408 757 548 822 domitus
569 756 719 834 habereut,
741 757 843 823 testim
863 762 894 822 et
907 757 1088 838 fortioribus
1104 757 1174 821 am'·

165 846 299 911 malibus
315 847 450 928 praedae
469 846 567 926 faisse
588 850 831 910 commemorant.
869 844 950 911 Tam
967 862 1024 924 eas,
1046 846 1102 928 pai
1117 849 1177 910 aut

166 935 280 999 tentati
300 933 473 1016 effuperamt
492 939 550 998 aut
572 933 691 998 tauiarc'
705 935 868 1016 proaimas
888 935 1041 1011 uiderant,
1070 934 1174 999 admo·

165 1024 246 1088 nitas
260 1023 394 1104 periculi
410 1021 462 1088 sut
479 1023 523 1088 ad
538 1022 618 1088 atc'os
634 1022 771 1088 domines
787 1023 963 1107 decurmsse,
978 1023 1175 1106 praestatum

165 1111 345 1192 implorasse
360 1117 390 1176 et
403 1111 507 1193 prima
523 1110 650 1175 auectus
666 1111 853 1175 volumtatem
869 1130 960 1176 suam
975 1112 1218 1194 sipniftcasse,1o

166 1200 272 1264 deiude
302 1200 452 1265 sermome
481 1200 577 1265 initia
604 1205 762 1282 temptasse
788 1219 825 1264 ae
850 1200 983 1282 stupeatis
1009 1199 1175 1282 quibusque

165 1287 255 1353 rebus
285 1289 415 1354 aomina
441 1288 643 1371 imprimendo
663 1288 823 1370 paulatim
849 1288 991 1370 loquendi
1011 1288 1175 1372 perfecisse

166 1377 325 1442 rationem.
366 1375 442 1442 011111
467 1381 571 1443 aumm
592 1396 646 1441 aec
667 1377 894 1441 multitudinem
916 1378 1018 1459 ipsam
1039 1378 1176 1442 viderem

166 1471 273 1530 matra
295 1466 406 1531 bestias
427 1485 490 1531 esse
511 1470 623 1542 tetam,
645 1466 759 1548 oppida
779 1467 872 1529 ettam
894 1466 1022 1547 coepisse
1042 1466 1174 1542 munire,

165 1555 211 1619 ael
232 1558 270 1619 at
288 1555 417 1636 quietem
437 1554 535 1620 uaeas
555 1558 653 1618 marm
675 1553 736 1619 stoi
754 1553 891 1634 facereret
909 1555 1218 1620 mauriacensem

166 1663 219 1708 mes
241 1648 331 1725 atque
352 1644 483 1725 impetus
504 1642 669 1708 betarum
690 1662 753 1707 aaa
768 1644 952 1725 propriando,
979 1643 1033 1708 sed
1053 1643 1174 1707 obiectis

167 1732 326 1814 apperitus
352 1735 503 1797 arcerent.
518 1781 526 1796 .
540 1779 570 1797 ..
612 1731 701 1796 Haec
722 1731 796 1796 attis
817 1731 917 1796 delira
937 1732 1006 1796 aisa
1025 1736 1112 1816 sumt,
1138 1735 1176 1795 at

165 1821 301 1902 famant,
322 1821 523 1901 ammonam
539 1839 602 1884 mom
617 1820 759 1900 ferarum
780 1819 919 1884 laniatum
935 1839 1062 1885 causam
1077 1819 1175 1900 fuisse

167 1909 306 1987 cadendi,
332 1910 385 1974 sed
404 1910 508 1990 ipsam
523 1908 630 1990 potius
650 1907 889 1984 humanitatem
916 1909 1019 1990 itaque
1040 1909 1121 1973 iuter
1141 1927 1174 1974 se

167 2002 368 2080 emcprepatos,
389 1997 472 2079 quad
491 2000 608 2060 catara
628 1994 789 2061 homimum
809 1996 987 2062 solitudinis
1005 1996 1128 2079 suptarus
1146 2001 1175 2061 et
1186 2014 1217 2055 20

130 2153 133 2156 ,
166 2086 389 2150 communionis
410 2105 448 2149 ac
468 2085 619 2150 sacietatis
640 2085 783 2167 adpetens
803 2090 885 2150 esset.
907 2083 1106 2167 (Lactantius
1124 2087 1172 2150 m·

166 2172 641 2254 mmmmm&

112 2239 157 2366 {15
166 2290 194 2341 p.
214 2262 279 2341 211]
354 2259 566 2343 ...quaedum
586 2259 680 2344 quasi
698 2260 830 2345 semine,
853 2283 957 2346 neque
974 2260 1174 2346 reliquorum

167 2349 327 2415 virtutum
357 2371 416 2415 nec
442 2348 545 2434 ipsius
573 2348 621 2413 rei
647 2349 797 2434 publicae
824 2350 1005 2434 reperietur
1031 2349 1101 2415 ullu
1127 2350 1176 2414 in·

167 2438 305 2503 stitutio.
340 2436 386 2502 Hi
409 2441 519 2504 coetus
541 2437 644 2523 igitur
666 2437 736 2522 hee,
759 2437 798 2503 de
821 2459 886 2523 qua
908 2437 1051 2524 exposui,
1076 2459 1173 2504 ceusu
1186 2454 1216 2497 ns

167 2525 312 2592 instituti
333 2526 442 2592 sedem
464 2526 606 2612 primum
623 2530 712 2592 certo
731 2526 803 2592 loco
822 2525 1058 2592 domiciliorum
1076 2546 1174 2593 causa

167 2615 418 2700 constituerunt3
446 2637 543 2700 quum
570 2637 643 2680 cum
670 2615 750 2680 locis
778 2637 939 2699 manuque
967 2615 1175 2701 saepsissent,

168 2704 236 2770 eius
256 2704 346 2770 modi
363 2703 621 2771 coniunctionem
639 2705 799 2769 tectorum
818 2703 972 2788 oppidum
990 2704 1042 2769 vel
1060 2704 1174 2770 urbem

168 2793 415 2879 appellaverumt
441 2792 585 2857 delubris
612 2791 800 2857 distinctum
827 2792 1006 2877 spatiisque
1034 2813 1174 2858 commu·

167 2883 272 2947 nibus.
309 2879 422 2946 Omnis
445 2901 523 2966 ergo
547 2880 697 2965 populus,
719 2880 775 2964 qui
798 2884 849 2945 est
866 2880 943 2947 talis
963 2885 1073 2946 coetus
1092 2880 1173 2946 mul·
1186 2897 1215 2938 ω

168 3000 194 3051 p.
210 2973 274 3052 212]
294 2969 453 3053 titudinis,
477 2968 606 3053 qualem
626 2967 631 3050 Ι
652 2968 794 3053 exposui,
817 2969 922 3034 omnis
944 2969 1069 3053 civitas,
1092 2991 1173 3054 quae

168 3061 218 3125 est
236 3057 426 3124 constitutio
444 3056 567 3143 populi,
587 3057 692 3121 omnis
710 3078 763 3123 res
780 3057 921 3143 publiea,
939 3079 1030 3143 quae,
1048 3061 1086 3123 ut
1100 3057 1174 3142 dixi,
1220 3094 1222 3099 ·

167 3147 281 3234 populi
308 3168 359 3210 res
385 3149 448 3228 est,
476 3145 610 3211 consilio
635 3144 775 3229 quodem
798 3147 939 3233 regende
962 3152 1025 3232 est,
1046 3150 1085 3212 ut
1108 3146 1173 3211 diu·

167 3241 265 3300 turna
283 3234 335 3299 sit.
367 3234 404 3298 Id
424 3238 533 3298 eutem
551 3234 722 3299 consilium
739 3234 882 3320 primum
900 3257 1026 3322 semper
1045 3235 1085 3301 ed
1102 3256 1173 3300 eam

168 3345 298 3389 oausam
321 3317 524 3387 referendum
547 3324 611 3405 est,
638 3343 720 3407 queo
743 3345 841 3389 cause
863 3325 976 3410 genuit
998 3324 1173 3390 civitatem.
1187 3340 1215 3380 ³⁵

111 3423 148 3477 ⁴1²
167 3411 291 3477 Deinde
310 3415 367 3475 aut
385 3410 441 3475 uni
459 3410 666 3476 tribuendum
684 3415 736 3476 est
754 3415 811 3476 aut
829 3412 961 3477 delectis
980 3411 1173 3495 quibusdam

168 3504 225 3565 aut
239 3499 475 3584 suscipiendum
490 3504 540 3565 est
555 3499 756 3565 multitudini
770 3504 867 3583 etque
881 3499 1039 3565 omnibus.
1067 3497 1175 3574 Quare
