2654 3912
173 196 241 259 412
572 195 620 249 DE
640 193 795 250 LEGIBUS

242 339 356 406 Ritus
378 341 554 406 familiae
577 344 807 425 patrumque
831 344 1024 406 servanto.

242 428 363 495 Divos
391 433 429 495 et
456 451 535 515 eos,
562 429 626 514 qui
653 428 845 493 caelestes
873 449 1023 514 semper
1045 428 1192 514 habiti,

174 517 334 584 colunto
358 521 396 583 et
419 518 535 602 ollos,
559 538 653 602 quos
677 516 772 582 endo
796 516 903 582 caelo
927 517 1066 582 merita
1084 517 1191 583 loca-

175 606 318 691 verint,
344 604 564 691 Herculem,
590 604 785 689 Libcrum,
808 605 1097 691 Aesculapium,
1120 603 1192 671 Ca·

178 698 335 778 storem,
357 691 569 779 Pollucem,
591 692 804 777 Quirinum,
827 697 888 758 ast
911 693 1004 777 olla,
1027 699 1220 779 propter⁵
1314 768 1315 771 Ἴ

178 804 274 867 quae
303 783 417 848 datur
443 782 592 849 homini
619 802 802 848 ascensus
829 782 869 845 in
896 783 1056 866 caelum,
1087 781 1192 847 Men·
1314 796 1315 799 ’

176 874 266 954 tem,
302 870 514 956 Virtutem,
554 868 760 955 Pietatem,
796 868 941 956 Fidem,
982 892 1190 957 earumque

177 959 331 1025 laudum
355 959 518 1025 delubra
540 962 668 1044 sunto,
690 981 735 1023 ne
757 958 899 1024 uncula
921 958 1116 1025 vitiorum.

243 1046 361 1114 Sacra
383 1047 591 1113 sollemnia
614 1048 791 1113 obeunto.

242 1135 369 1201 Feriis
399 1135 528 1222 iurgia
558 1139 761 1202 amovento
792 1156 933 1220 easque
962 1135 1002 1200 in
1028 1135 1237 1201 famulicio

177 1224 361 1310 operibus
396 1224 569 1310 patratis
596 1224 780 1309 habento,
811 1225 945 1309 itaque
972 1228 1015 1289 ut
1042 1225 1099 1290 ita
1127 1247 1190 1290 ca·

177 1313 243 1377 dat
277 1313 318 1377 in
353 1313 490 1378 annuis
522 1312 782 1398 anfractibus,
819 1312 1058 1398 descriptum
1094 1317 1190 1378 esto.

178 1399 392 1486 (lentosque
423 1400 557 1488 fruges
588 1404 792 1486 certasque
819 1401 935 1466 bacas
964 1402 1189 1468 sacerdotes

176 1489 332 1576 publice
359 1490 525 1574 libant03
557 1489 628 1555 hoc
656 1490 775 1555 certis
804 1489 1019 1555 sacrificiis
1047 1513 1088 1555 ac
1112 1490 1191 1555 die·

124 1579 262 1663 cobus3
293 1577 462 1665 itemque
495 1578 595 1643 alios
628 1579 674 1643 ad
706 1578 787 1643 dies
819 1578 1037 1642 ubertatem
1070 1579 1235 1644 lactisrs

175 1666 406 1751 feturacque
438 1670 636 1751 servant03
667 1666 781 1750 idque
807 1688 853 1731 ne
881 1666 1076 1731 committi
1102 1689 1191 1751 pos·
1314 1664 1315 1701 i

177 1756 245 1839 sit,
265 1755 310 1820 ad
329 1777 411 1820 eam
428 1777 521 1840 rem,
540 1755 733 1821 rationem
752 1776 887 1820 cursus
902 1776 1048 1820 annuos
1063 1777 1192 1821 sacer-

177 1845 288 1909 dotes
314 1843 501 1928 finiunt03
529 1865 702 1928 quaeque
725 1844 892 1928 quoique
917 1843 1004 1909 divo
1028 1843 1191 1910 decorae
1314 1854 1315 1867 ¹

177 1936 390 2018 grataeque
414 1933 493 1998 sint
516 1932 684 2016 hostiae,
706 1931 948 2017 providento

243 2019 432 2105 Divisque
452 2020 544 2085 aliis
560 2022 633 2085 otii
646 2020 885 2105 sacerdotes,
905 2021 1082 2086 omnibus
1096 2043 1189 2106 pon·
1177 2040 1234 2083 -rs

177 2109 323 2193 tifices,
352 2109 521 2211 singulis
548 2109 732 2173 flamines
755 2112 872 2173 sunto
875 2107 1189 2196 Virginesquc

175 2195 401 2262 Vestales
390 2219 430 2261 ιιι
461 2197 555 2262 urbe
585 2197 873 2262 custodiunto
863 2218 991 2283 ignem
1017 2197 1096 2263 foci
1122 2220 1189 2283 pu-

176 2285 272 2349 blioi
295 2286 579 2370 sempiternum.

243 2371 401 2457 Quoque
427 2372 521 2439 haec
548 2373 734 2476 privatim
761 2377 800 2441 et
825 2375 982 2461 publico
1007 2374 1116 2441 modo
1139 2375 1189 2440 ri

176 2465 294 2546 tuque
317 2460 435 2548 fiant,
458 2461 612 2528 discunt
597 2466 640 2528 to
660 2462 790 2549 ignari
817 2486 838 2529 a
864 2464 1036 2549 publicis
1063 2484 1189 2529 sacer·
1177 2480 1232 2524 -as

177 2550 243 2616 dot
248 2550 344 2616 ibus.
367 2551 509 2616 Eorum
524 2556 652 2617 autem
666 2573 809 2637 genera
823 2557 936 2618 sunto
951 2553 1029 2618 tria
1033 2574 1188 2637 ,unum,

177 2639 277 2725 quod
305 2640 459 2793 prtaesit
490 2639 739 2705 caerimoniis
771 2643 809 2704 et
839 2640 975 2725 sacris,
1007 2604 1189 2726 aiterum,

177 2727 312 2813 quod
303 2731 362 2793 1nt
367 2750 479 2814 erpre
485 2732 591 2793 tetur
617 2726 869 2793 fatidicorum
897 2732 934 2794 et
960 2692 1108 2795 iatium
1131 2750 1188 2796 ec

174 2816 261 2882 fata
295 2817 512 2904 incognita,
549 2838 709 2902 qnorum
746 2821 905 2882 senatus
941 2819 1187 2903 populusque

177 2905 403 2992 adsciverit,
446 2906 686 2991 interpretes
728 2909 794 2970 aut
800 2926 855 2970 em
894 2903 1000 2971 Iovis
1041 2907 1231 3009 optumiec

176 2994 359 3079 maxumi,
391 2994 541 3080 publici
571 3015 749 3080 augures,
782 2993 907 3081 signis
935 2998 974 3059 ct
1001 2994 1187 3080 auspiciis

121 3082 303 3169 21†post
309 3104 352 3148 ea
382 3083 516 3149 vident
501 3086 555 3168 to,
594 3082 842 3168 disciplinam
873 3086 1031 3149 tenento
1064 3104 1188 3149 sacer·

175 3170 242 3236 dot
227 3174 379 3256 tesqua,
401 3171 533 3237 vineta
555 3169 685 3257 virget
691 3192 786 3255 aque
809 3175 847 3235 ct
869 3171 1035 3237 salutem
1053 3173 1188 3258 populi

175 3262 409 3345 auguranto,
448 3259 590 3344 quiquo
627 3263 745 3345 agent
779 3280 858 3325 rem
895 3259 1015 3325 duelli
1047 3260 1187 3346 quique

173 3346 416 3431 popularem,
457 3346 672 3432 auspicium
707 3352 998 3434 praemonento,
1039 3348 1229 3434 olliquesa

174 3434 242 3499 obt
227 3437 490 3519 temperanto,
535 3435 785 3520 divorumque
830 3436 910 3502 iras
955 3436 1187 3523 providento

174 3521 307 3606 sisque
335 3526 550 3607 apparento
577 3523 753 3609 caelique
780 3523 939 3610 fulgora
961 3524 1187 3611 regionibus
