2654 3912
197 229 263 309 376
559 229 608 284 nn
627 228 676 284 un
693 229 850 285 Poenos

144 353 234 480 Ψ)
303 371 389 450 Quin
415 373 515 439 otiam
543 373 571 439 si
598 374 709 459 cupiat
730 374 840 460 proles
862 374 923 440 illa
944 374 1128 441 futurorum
1152 374 1220 442 ho·

179 461 320 528 ‘minum
343 462 493 549 deinceps
515 462 628 528 laudes
650 462 746 527 unius
769 463 923 549 cuiusque
944 468 1096 530 nostrum
1114 486 1135 529 a
1154 486 1219 550 pa·

195 551 302 616 tribus
330 554 480 636 acceptas
507 551 648 637 posteris
671 550 821 636 prodere,
850 555 962 617 tamen
984 556 1120 638 propter
1142 553 1218 618 elu-

195 638 307 705 viones
331 638 579 724 exustionesque
602 643 773 724 terrarum,
797 661 878 724 quas
896 639 1041 707 accidere
1058 644 1217 726 tompore

195 731 284 794 certo
301 749 433 795 necesse
447 731 508 813 est,
525 749 592 794 non
605 727 701 793 modo
717 730 808 810 [non]
824 732 999 814 aeternam,
1013 728 1071 794 sed
1083 751 1125 795 ne
1140 729 1216 794 diu·
1232 747 1247 788 s

194 820 326 882 turnam
341 816 471 902 quidem
485 816 625 903 gloriam
639 815 773 901 adsequi
786 838 969 902 possumus.
997 815 1082 893 Quid
1095 821 1215 883 autem

194 904 332 971 interest
354 905 396 971 ab
418 904 474 989 iis,
502 905 558 989 qui
579 909 695 990 postea
717 910 904 990 nascentur,
931 927 1114 971 sermonem
1136 906 1216 972 fore

144 1052 154 1080 ,
196 993 235 1060 de
262 997 309 1080 te,
338 1015 412 1061 cum
435 993 477 1059 ab
499 992 541 1058 iis
563 993 674 1059 nullus
694 992 809 1078 fuerit,
836 994 893 1080 qui
915 998 992 1060 ante
1013 994 1085 1060 nati
1108 996 1214 1060 sunt?

142 1051 527 1255 tirannicus
546 1082 1258 1256 ruriciicamunni1.

194 1262 344 1324 nostrum
367 1262 486 1344 potest,
507 1280 603 1325 nemo
625 1221 821 1324 unius'anni
843 1260 1035 1326 memoriam
1052 1261 1214 1346 consequi

194 1346 308 1433 possit.
335 1346 493 1413 Homines
512 1347 599 1413 onim
612 1347 815 1434 populariter
829 1369 950 1415 annum
963 1352 1095 1414 tantum
1109 1350 1212 1415 modo

196 1435 284 1520 solis,
306 1435 341 1501 id
363 1440 415 1503 est
436 1436 532 1502 unius
551 1436 642 1521 astri,
663 1437 771 1502 reditu
789 1436 981 1522 metiuntur,
1003 1459 1078 1503 cum
1096 1442 1212 1503 autem

195 1524 237 1591 ad
272 1524 373 1609 idem,
408 1524 492 1590 undo
531 1525 631 1592 semel
663 1523 810 1611 profecta
842 1529 932 1609 sunt,
968 1529 1084 1592 cuncta
1117 1530 1212 1592 astra

195 1610 349 1678 redierint
377 1613 575 1698 eandemque
598 1612 701 1679 totius
725 1613 807 1680 caeli
830 1613 1074 1700 discriptionem
1096 1615 1209 1702 longis
1226 1631 1253 1674 rs

193 1701 378 1767 intervallis
409 1702 610 1787 rettulerint,
641 1705 712 1767 tum
743 1702 801 1767 ille
831 1724 907 1768 vere
938 1706 1069 1769 vertens
1102 1725 1209 1769 annus

194 1790 364 1946 {illd
377 1789 721 1946 {utillud
739 1790 843 1945 diiii
857 1791 964 1946 llll
972 1791 1209 1946 ttulit
1310 1830 1311 1867 ³

195 1968 245 2033 sol
263 1967 450 2034 homiuibus
470 1967 698 2054 exstinguique
715 1968 805 2034 visus
824 1902 884 2053 dit,
905 1990 979 2035 cum
992 1968 1126 2034 Romuli
1140 1969 1208 2034 ani·
1310 1968 1311 1975 '

195 2077 267 2122 mus
293 2056 374 2123 haec
400 2056 473 2142 ipsa
499 2056 535 2122 in
561 2057 687 2142 templa
712 2057 909 2143 penetravit,
943 2057 1135 2142 quandoque
1164 2058 1205 2122 ab
1221 2075 1250 2116 ro
1310 2112 1311 2117 ,

196 2144 308 2210 eadem
335 2148 429 2229 parte
457 2145 508 2211 sol
534 2144 710 2231 eodemque
732 2149 879 2232 temporo
901 2145 1022 2211 iterum
1045 2145 1207 2230 defecerit,

194 2235 267 2298 tum
290 2232 393 2318 signis
415 2233 565 2298 omnibus
584 2233 626 2298 ad
643 2233 839 2321 principium
858 2234 1027 2320 stellisque
1044 2236 1206 2301 revocatis

195 2320 361 2406 expletum
388 2343 509 2386 annum
533 2320 669 2406 habet03
696 2322 787 2389 cuius
810 2323 940 2408 quidem
963 2322 1040 2388 anni
1061 2322 1206 2389 nondum

142 2463 162 2526 2
195 2409 383 2475 vicesimam
406 2413 535 2495 partem
557 2410 640 2477 scito
664 2431 735 2476 osse
758 2433 956 2478 conversam.

143 2467 185 2593 253
261 2496 419 2574 Quocirca
446 2497 476 2564 si
501 2498 642 2565 reditum
668 2499 704 2565 in
730 2499 815 2567 hunc
841 2501 950 2567 locum
973 2500 1204 2586 desperaveris,
1219 2517 1245 2559 ²³

194 2586 230 2653 in
263 2608 327 2672 quo
365 2586 476 2653 omnia
507 2592 584 2654 sunt
615 2589 744 2675 magnis
777 2591 810 2654 et
840 2589 1085 2674 praestantibus
1117 2589 1205 2674 viris,

196 2674 310 2761 quanti
337 2676 470 2742 tandem
498 2680 549 2742 est
575 2676 641 2743 ista
662 2677 831 2743 hominum
855 2677 974 2764 gloria,
1002 2699 1085 2762 quae
1107 2678 1205 2763 perti·

193 2786 270 2830 uere
289 2763 344 2830 vix
362 2765 404 2830 ad
421 2765 517 2831 unius
536 2765 613 2830 anni
631 2769 759 2851 partem
778 2765 928 2852 exiguam
943 2766 1076 2852 potest?
1097 2765 1205 2852 Igitur

194 2853 261 2918 alte
285 2856 433 2939 spectare
456 2854 485 2920 si
506 2854 597 2920 voles
621 2858 719 2939 atque
742 2854 827 2922 hanc
849 2854 959 2920 sedem
982 2858 1015 2921 et
1037 2857 1203 2920 aeternam

195 2941 327 3007 domum
350 2942 505 3027 contueri,
527 2963 631 3029 nequo
653 2946 688 3009 te
711 2942 915 3027 sermonibus
933 2943 1026 3030 vulgi
1045 2942 1202 3009 dedideris
1216 2959 1243 3000 ω

194 3026 253 3096 nec
279 3030 315 3095 in
345 3031 499 3116 praemiis
526 3030 677 3096 humanis
706 3053 798 3117 spem
824 3031 972 3117 posueris
999 3053 1108 3096 rerurn
1135 3035 1203 3096 tua·

194 3139 281 3204 rum3
308 3118 376 3184 suis
403 3123 436 3184 te
459 3123 592 3205 oportet
612 3119 784 3186 inlecebris
806 3120 879 3207 ipsa
900 3119 1006 3186 virtus
1028 3119 1142 3185 trabat
1163 3118 1203 3186 ad

194 3228 308 3272 verum
331 3207 440 3293 decus,
469 3207 556 3293 quid
569 3208 608 3274 de
630 3212 664 3274 te
687 3208 745 3275 elii
766 3209 956 3294 loquantur,
978 3207 1042 3294 ipsi
1064 3207 1203 3292 rideant,

195 3294 253 3359 sed
274 3296 450 3380 loquentur
471 3300 590 3361 tamen
626 3293 739 3363 Sermo
762 3301 872 3363 autem
896 3296 1001 3362 omnis
1023 3296 1081 3362 ille
1099 3299 1133 3361 et
1151 3318 1203 3362 an·

196 3382 314 3466 gustiis
333 3381 476 3469 cingitur
493 3383 534 3448 iis
552 3384 731 3469 regionum,
754 3406 835 3469 quas
853 3384 952 3469 vides,
974 3405 1033 3450 nec
1050 3405 1202 3468 umquam
1214 3399 1240 3441 ω

165 3535 168 3539 ,
196 3468 235 3533 de
256 3469 327 3535 ullo
349 3469 500 3554 perennis
522 3470 586 3537 fuit
609 3476 643 3537 et
665 3472 814 3537 obruitur
831 3472 1001 3539 hominum
1018 3470 1154 3537 interitu
1171 3476 1202 3537 et

196 3556 360 3622 oblivione
383 3558 587 3642 posteritatis
611 3559 820 3646 extinguitur.
