2654 3924
174 216 238 281 276
523 216 581 273 ,DE
601 215 649 269 RE
667 214 823 272 PUBLIOA

174 361 345 445 audienda,
373 383 446 427 cum
469 361 517 426 ita
540 361 663 445 dicunt,
692 360 840 426 accedere
864 360 905 425 ad
927 383 996 425 rem
1019 361 1183 446 publicam

172 449 363 535 plerumque
385 449 534 516 homines
556 448 649 514 nulla
666 470 702 514 re
720 449 807 514 bona
826 449 950 535 dignos,
974 471 1047 514 cum
1065 449 1182 533 quibus

172 566 200 616 p.
215 540 262 619 89]
287 538 470 623 comparari
493 537 667 622 sordidum,
690 537 864 624 confligere
884 537 889 622 Ι
910 541 1019 602 autern
1038 538 1184 603 multitu·

173 626 247 691 dine
273 626 467 711 praesertim
493 626 629 692 incitata
656 625 811 690 miserum
834 629 867 689 et
889 625 1107 710 periculosum
1131 627 1183 691 sit.

173 711 277 791 Quam
291 715 333 779 ob
348 736 416 779 rem
428 736 532 798 neque
542 714 698 799 sapientis
713 735 783 778 esse
793 714 937 798 accipere
946 713 1101 799 habenas,
1109 737 1183 780 cum
1210 735 1223 774 e

171 803 304 868 insanos
332 806 430 887 atque
457 802 634 867 indomitos
660 802 803 888 impetus
831 802 923 888 volgi
945 802 1094 868 cohihere
1116 825 1183 868 non

172 891 286 976 possit,
299 913 403 976 neque
418 891 513 956 liberi
527 913 600 956 cum
619 890 745 976 inpuris
760 894 858 974 atque
872 891 1058 956 inmanibus
1073 892 1183 956 adver-

172 979 267 1044 sariis
281 978 501 1044 decertantem
514 979 566 1044 vel
580 978 851 1044 contumeliarum
864 979 1001 1044 verbera
1012 979 1121 1044 subire
1130 980 1181 1046 vel

173 1071 340 1152 expectare
362 1067 501 1153 sapienti
519 1089 586 1133 non
602 1067 753 1132 ferendas
771 1067 921 1150 iniurias3
938 1068 1075 1153 proinde
1089 1071 1182 1152 quasi

171 1184 199 1235 p.
217 1158 266 1238 90]
282 1155 378 1221 bonis
399 1160 432 1220 ct
449 1155 591 1221 fortibus
610 1158 643 1220 ot
661 1177 781 1241 magno
801 1155 909 1220 animo
928 1156 1085 1240 praeditis
1097 1154 1101 1242 Ι
1112 1158 1183 1221 ulla
1197 1177 1224 1216 lo

172 1244 216 1308 sit
237 1243 279 1309 ad
302 1266 371 1309 rem
393 1245 558 1329 publicam
581 1243 719 1309 adeundi
741 1265 839 1309 causa
860 1243 993 1329 iustior,
1021 1266 1119 1328 quarn
1141 1267 1182 1309 ne

171 1335 308 1417 pareant
325 1332 472 1418 inprobis
488 1354 569 1399 neve
592 1333 634 1397 ab
652 1332 755 1397 isdem
774 1332 911 1397 lacerari
929 1355 998 1398 rem
1016 1333 1181 1418 publicam

171 1420 348 1506 patiantur,
362 1442 435 1487 cum
444 1422 509 1507 ipsi
519 1421 675 1486 auxilium
683 1419 778 1505 ferre,
788 1421 816 1485 si
826 1422 967 1506 cupiant,
976 1443 1044 1486 non
1054 1427 1182 1506 queant.

236 1507 301 1575 Illa
332 1513 441 1575 autem
473 1510 618 1595 exceptio
651 1509 704 1575 cui
733 1509 867 1594 probari
899 1508 1032 1575 tandem
1063 1513 1182 1595 potest,

56 1618 87 1689 ‚a
121 1567 258 1682 1⁰quod
282 1601 405 1684 negant
428 1599 610 1683 sapientem
632 1601 858 1683 suscepturum
881 1597 984 1662 ullam
1006 1598 1054 1663 rei
1076 1598 1222 1683 publi-1⁵

11 1760 14 1771 ι
53 1671 118 1763 Ψ
172 1707 228 1751 cae
250 1689 387 1771 partem,
410 1689 504 1751 extra
526 1707 625 1771 quam
648 1686 677 1751 si
699 1707 773 1751 cum
795 1689 926 1771 tempus
949 1689 982 1750 ct
1003 1686 1182 1752 necessitas

11 1740 53 1855 i*
67 1722 138 1867 Μ
171 1774 336 1860 coegerit?
367 1775 460 1858 quasi
487 1796 563 1840 vero
591 1774 695 1840 maior
723 1774 874 1858 cuiquam
901 1775 1078 1840 necessitas
1102 1775 1182 1842 acci·

20 1854 62 1945 „52⁴⁴
80 1846 152 1971 pff
171 1862 245 1927 dere
272 1862 391 1948 possit,
422 1884 519 1947 quain
546 1863 664 1929 accidit
690 1862 801 1946 nobis3
830 1862 953 1946 inqua
976 1863 1053 1946 quid
1075 1863 1182 1929 facere

11 1934 76 2051 rw
107 1918 154 2035 pl
170 1978 198 2030 P·
218 1952 265 2032 ⁸³]
292 1951 486 2037 potuissem,
513 1949 518 2037 Ι
544 1951 609 2017 nisi
635 1955 707 2015 tum
729 1951 842 2017 consul
864 1949 1021 2016 fuissem?
1059 1950 1181 2018 Consul

44 2054 102 2153 tp
172 2042 281 2104 autem
308 2060 379 2106 csse
402 2039 458 2124 qui
479 2040 586 2125 potui,
614 2038 679 2103 nisi
702 2061 775 2105 eum
798 2040 1039 2105 vitaecursum
1061 2041 1182 2105 tenuis-
1195 2059 1222 2098 20

26 2180 42 2193 2„
99 2108 128 2216 ,ἱ
172 2126 460 2212 compuleritis,
489 2150 548 2213 per
571 2148 667 2212 quem
690 2127 833 2212 equestri
856 2123 928 2193 loco
950 2132 1049 2193 natus
1071 2150 1181 2213 peric

11 2190 97 2307 if
170 2215 274 2280 nircm
298 2214 340 2280 ad
357 2215 514 2280 honorem
532 2215 793 2301 amplissimum?
820 2214 897 2281 Non
914 2216 1016 2302 igitur
1033 2220 1180 2303 potestas

34 2320 44 2353 t
172 2306 279 2368 estex
297 2307 453 2388 temporo,
476 2307 534 2369 aut
550 2325 625 2369 cum
643 2304 734 2388 velis,
757 2304 940 2389 opitulandi
957 2305 1006 2370 rei
1023 2305 1180 2390 publicae,

16 2466 21 2475 u
172 2391 320 2475 quamvis
350 2413 389 2456 oa
415 2396 584 2477 prematur
610 2392 777 2477 periculis,
806 2392 870 2458 nisi
898 2415 937 2459 eo
959 2393 1032 2459 loco
1055 2393 1114 2477 sis,
1143 2398 1182 2458 ut

121 2495 152 2545 11
171 2480 233 2545 tibi
265 2479 300 2545 id
329 2479 437 2545 facere
468 2480 574 2545 liceat.
621 2480 825 2567 Maximeque
857 2480 920 2547 hoc
949 2481 985 2546 in
1011 2480 1181 2547 hominum
1195 2499 1222 2541 2⁵

171 2569 340 2635 doctorum
364 2569 511 2634 oratione
535 2569 616 2634 mihi
633 2569 752 2634 mirum
771 2570 874 2635 videri
892 2570 985 2654 solet,
1008 2571 1103 2654 quod,
1126 2572 1183 2657 qui

68 2732 70 2737 ,
171 2685 198 2737 p.
213 2659 261 2738 84]
279 2657 459 2742 tranquillo
472 2652 572 2744 lmari
590 2659 772 2744 gubernare
789 2680 824 2724 se
837 2661 960 2745 negent
971 2680 1077 2744 posse,
1096 2659 1182 2745 quod

170 2766 229 2811 nce
252 2744 423 2811 didicerint
444 2768 504 2812 nec
526 2768 681 2831 umquam
704 2747 786 2812 scire
809 2746 1002 2829 curaverint,
1024 2746 1122 2813 iidem
1140 2748 1182 2814 ad

172 2834 392 2920 gubernacula
415 2856 449 2900 sc
473 2857 657 2901 accessuros
681 2837 896 2920 profiteantur
914 2835 1064 2902 excitatis
1082 2837 1182 2901 maxi-

171 2921 233 2986 mis
265 2921 426 2988 fluctibus.
471 2922 534 2988 Isti
566 2924 651 2988 enim
683 2924 794 3008 palam
824 2924 929 2991 dicere
956 2928 1054 3007 atque
1079 2925 1115 2989 in
1142 2946 1180 2990 eo
1194 2942 1221 2983 8⁰

170 3010 312 3075 multum
334 3010 436 3076 etiam
458 3011 593 3098 gloriari
616 3012 732 3096 solent,
756 3033 790 3076 sc
813 3012 852 3077 de
870 3011 1053 3077 rationibus
1071 3034 1180 3077 rerum

170 3098 375 3184 publicarum
398 3102 456 3165 eut
478 3100 778 3165 constituendarum
801 3105 859 3165 aut
881 3101 1075 3165 tuendarum
1097 3101 1181 3166 nihil

170 3208 229 3253 nec
261 3187 411 3253 didicisse
443 3208 597 3271 umquam
625 3209 685 3253 nec
712 3187 840 3271 docere,
872 3210 1046 3274 carumque
1073 3211 1181 3254 rerum

170 3274 544 3429 {diffidati}
561 3275 1221 3430 lltttrtlttllttradediti

171 3449 277 3526 Quare
305 3451 361 3535 qui
388 3384 538 3518 coiivenit
561 3451 710 3537 polliceri
732 3474 865 3536 operam
888 3474 983 3517 suam
1006 3389 1181 3537 reippubliss

170 3561 226 3604 cac
249 3544 320 3604 tum
343 3540 493 3625 denique,
516 3540 545 3606 si
566 3541 760 3607 necessitate
783 3540 966 3627 cogantur?
990 3563 1073 3625 cum,
1096 3539 1182 3624 quod
