2652 3908
160 292 179 418 l
265 329 354 409 Quae
384 354 457 398 cnm
487 332 612 398 Balbus
645 333 792 418 dixisset,
823 338 894 400 tum
926 335 1077 400 adridens
1100 332 1215 400 Cotta:
1322 312 1323 317 ἵ

199 417 293 506 Sero,
319 420 440 507 inquit,
467 421 562 506 mihi,
589 420 705 506 Balbe,
731 423 905 508 praecipis,
932 423 1011 508 quid
1033 422 1214 488 defendam
1322 396 1323 487 l

197 507 273 596 Ego
295 509 382 575 enim
405 514 439 574 te
463 510 659 595 disputante,
683 510 760 596 quid
782 512 1062 596 contradicerem,
1085 533 1215 577 mecum

198 598 269 683 ipse
291 598 488 684 meditabar,
510 621 615 683 neque
637 603 707 663 tam
729 599 898 673 refellendi
920 601 970 665 tui
992 621 1091 666 causa
1114 621 1215 685 quam
1322 626 1323 653 r

199 708 246 772 ea,
270 708 352 770 quae
376 687 482 752 minus
506 687 748 775 intellegebam,
771 689 962 773 requirendi.
999 687 1083 754 Onm
1101 692 1214 754 autem
1241 707 1253 747 s

199 796 258 841 suo
282 775 397 860 cuique
419 776 538 841 iudicio
562 778 607 841 sit
629 776 793 861 utendum,
819 776 950 842 difficile
972 776 1063 842 foetu
1086 781 1138 842 est
1160 798 1213 841 me

163 864 232 929 sid
260 864 394 948 sentire,
422 863 509 948 quod
535 869 572 930 tu
594 864 685 930 velis.
730 865 793 931 Hic
815 864 975 930 Velleius:
1006 863 1138 950 Nescis,
1166 866 1214 929 in·

200 951 280 1037 quit,
304 955 427 1105 ‹puauta
449 974 522 1017 cum
545 953 794 1038 exspectatione,
818 952 926 1039 Cotta,
949 953 1011 1018 sim
1033 956 1068 1018 te
1086 953 1212 1019 auditu·

199 1062 264 1105 rus.
326 1040 471 1106 uoundus
494 1041 581 1107 enim
603 1040 708 1107 Balbo
731 1046 844 1108 nostro
868 1062 974 1109 sermo
998 1046 1074 1106 tuus
1097 1046 1215 1107 contra

200 187 263 252 108
319 235 320 239 η
376 230 379 233 ·
509 187 560 243 DE
578 189 730 244 NATURA
746 189 903 245 DEORUM

198 1127 376 1214 Epicurum
393 1128 470 1214 fuit3
488 1130 651 1282 praebebo
667 1130 770 1217 igitur
784 1152 845 1219 ego
860 1152 912 1195 me
925 1130 988 1194 tibi
1005 1130 1151 1196 moissim
1165 1134 1214 1195 at
1228 1150 1254 1190 ro

199 1220 328 1282 tentum
351 1221 466 1283 contra
512 1217 616 1285 toicos
639 1219 829 1285 auditorem.
874 1215 976 1304 Spero
999 1218 1086 1283 enim
1108 1222 1152 1302 te,
1175 1222 1215 1283 ut

165 1326 181 1374 ³
201 1305 302 1390 soles,
325 1305 407 1371 bene
429 1311 581 1391 paratum
603 1307 734 1373 venire
766 1308 849 1373 Tum
872 1305 984 1374 Cotta:
1012 1303 1066 1373 Sic
1087 1307 1215 1372 meher-

199 1395 285 1478 cule,
311 1394 432 1480 iuquit,
460 1394 588 1479 Vellei3*
606 1417 711 1480 neque
734 1397 821 1461 enim
843 1395 924 1461 mihi
947 1396 1115 1480 parratio
1138 1417 1215 1461 oum

199 1482 325 1549 Lucilio
352 1486 403 1548 est
430 1503 469 1549 ec
494 1487 601 1550 tecum
627 1483 699 1549 fuit.
745 1482 807 1559 Qui
829 1483 984 1549 tandem?
1015 1484 1123 1569 inquit
1145 1484 1214 1550 ille.

200 1570 283 1648 Quia
305 1571 386 1636 mihi
408 1570 537 1637 videtur
549 1570 709 1657 Epicurus
728 1577 836 1638 vester
854 1573 893 1638 de
912 1571 961 1636 dis
980 1572 1213 1637 inmortalibus
1228 1589 1255 1631 rs

199 1682 266 1726 non
293 1682 491 1746 magnopere
517 1682 678 1747 pugnare,
709 1665 839 1727 tantum
865 1661 961 1727 modo
989 1682 1110 1747 negare
1134 1660 1213 1726 deos

200 1770 270 1815 esse
292 1771 360 1814 non
382 1749 489 1834 audet,
510 1771 551 1815 ne
574 1749 652 1834 quid
673 1749 813 1816 invidiae
836 1750 953 1816 subeat
976 1753 1034 1814 aut
1055 1749 1213 1815 criminis

200 1835 282 1904 Cum
314 1858 390 1903 vero
422 1838 500 1903 deos
531 1838 615 1902 nibil
647 1859 758 1926 agere,
788 1839 871 1903 nihil
900 1857 1012 1904 curare
1039 1838 1214 1903 confirmat

200 1925 419 2010 membrisque
441 1925 593 1991 humanis
617 1948 687 1992 esse
709 1926 884 2013 praeditos,
907 1927 964 1992 sed
983 1947 1094 1991 eorum
1112 1947 1214 1991 mem·

199 2015 333 2081 brorum
354 2035 450 2079 usum
472 2015 599 2080 nullum
621 2015 755 2100 habere,
782 2015 893 2082 ludere
915 2014 1043 2086 videtur
1066 2014 1213 2098 satisque
1228 2035 1257 2076 ro

198 2106 329 2188 putare,
358 2102 388 2167 si
417 2102 535 2167 dixerit
552 2125 632 2169 esse
660 2104 821 2190 quendam
848 2103 980 2169 beatam
1002 2107 1156 2168 naturam
1178 2107 1214 2168 et

163 2211 181 2260 4
200 2195 375 2256 aeternam.
411 2192 443 2256 A
456 2190 562 2257 Balbo
576 2195 686 2257 autem
700 2192 970 2276 animadvertisti,
989 2191 1093 2275 eredo,
1112 2212 1213 2276 quam

200 2280 306 2344 multa
329 2278 416 2345 dicta
438 2281 505 2344 sint
524 2303 693 2366 quamque,
716 2281 846 2346 etiamsi
864 2282 972 2346 minus
990 2300 1077 2363 vera,
1100 2283 1213 2345 tamen
1322 2302 1323 2347 l

200 2372 279 2453 epta
306 2368 392 2433 inter
415 2391 449 2434 se
472 2372 506 2434 et
528 2368 744 2435 cohaerentia.
789 2368 905 2454 Itaque
928 2367 1052 2453 cogit0,
1074 2371 1112 2433 ut
1135 2367 1213 2454 dixi,
1321 2356 1323 2431 l

198 2479 265 2523 non
287 2460 357 2523 tam
380 2456 528 2523 refellere
552 2457 621 2522 eius
643 2458 825 2523 orationem
849 2479 948 2542 quam
972 2478 1023 2540 ea,
1046 2478 1129 2541 quae
1153 2457 1212 2521 mi·
1226 2473 1257 2518 rs
1322 2448 1323 2507 7

198 2566 260 2611 nus
283 2545 444 2629 intellexi,
471 2545 643 2629 requirere.
688 2545 803 2630 Quare,
825 2545 937 2630 Balbe,
960 2545 1022 2610 tibi
1044 2546 1213 2630 permitto,
1322 2566 1323 2575 ¹

198 2633 434 2719 responderene
461 2632 542 2698 mihi
569 2634 665 2698 malis
693 2635 732 2700 de
759 2634 898 2723 singulis
921 2634 1018 2700 rebus
1042 2634 1213 2718 quaerenti

199 2744 239 2788 ex
265 2725 298 2787 te
326 2743 380 2808 ea,
412 2742 495 2807 quae
523 2745 640 2807 parum
668 2722 789 2808 accepi,
818 2746 860 2797 an
888 2723 1072 2788 universam
1099 2721 1213 2788 audire
1322 2726 1323 2787 l

199 2811 381 2877 orationem
403 2831 518 2876 meam.
556 2810 641 2875 Tum
653 2810 792 2881 Balbus:
815 2811 888 2896 Ego
906 2833 993 2895 vero,
1017 2810 1046 2875 si
1064 2811 1142 2895 quid
1159 2832 1213 2875 ex·
1322 2860 1323 2869 ,

198 2900 328 2986 planari
354 2898 417 2963 tibi
442 2898 548 2983 voles,
574 2900 769 2984 respondere
797 2901 898 2985 malo3
926 2900 978 2965 sin
999 2919 1052 2964 me
1074 2900 1212 2965 interro·
1225 2918 1257 2960 so
1322 2912 1323 2949 3

116 3065 118 3069 ¹
200 3008 278 3076 gare
314 3008 380 3053 non
416 2990 486 3051 tam
521 2985 733 3074 intellegendi
769 3010 867 3054 causa
903 3009 1000 3073 quam
1032 2986 1213 3073 refellendi,

198 3080 310 3142 utrum
336 3074 441 3159 voles,
468 3074 600 3160 faciam,
626 3077 679 3141 rel
707 3075 749 3141 ad
776 3076 928 3163 singula„
947 3098 1029 3161 quae
1056 3077 1213 3161 requires,

163 3184 180 3234 o
200 3166 312 3231 statim
331 3162 532 3249 respondebo
551 3164 612 3248 vel,
630 3186 704 3230 cum
722 3166 894 3250 peroraris,
912 3164 1090 3231 adomnia
1126 3163 1213 3230 Tum
1322 3218 1323 3245 2

199 3250 311 3318 Cotta:
334 3251 475 3338 Optime,
497 3252 612 3336 inquit.
649 3251 754 3328 Quam
778 3252 820 3318 ob
843 3275 911 3318 rem
935 3253 982 3319 sic
1005 3273 1151 3340 agamus,
1174 3258 1213 3318 ut

158 3341 260 3409 2nos
287 3340 360 3425 ipsa
382 3341 478 3406 ducet
500 3341 614 3407 oratio.
661 3339 725 3407 Sed
748 3345 823 3406 ante
847 3362 945 3425 qnam
969 3341 1007 3406 de
1029 3363 1078 3426 re,
1106 3363 1213 3427 panea
1228 3359 1259 3403 ss

199 3427 239 3492 de
262 3450 322 3492 me.
357 3427 434 3494 Non
452 3430 538 3494 enim
557 3429 762 3494 mediocriter
780 3451 914 3494 moveor
931 3429 1127 3495 auctoritate
1144 3434 1213 3516 tua,
1322 3436 1323 3447 ¹

2 3542 4 3607 p
199 3512 316 3599 Balbe,
344 3517 555 3600 orationeque
579 3537 630 3600 ea,
659 3538 740 3601 quae
764 3538 815 3583 me
838 3517 873 3581 in
895 3517 1076 3601 perorando
1099 3517 1214 3583 cohor·
1322 3534 1323 3537 ’
