2652 3920
369 209 491 264 1213.st
511 208 587 265 OAP.
608 215 687 266 aa.
707 215 722 273 a
744 216 857 266 16-21.
1051 211 1117 277 203

103 352 204 421 fuerit
234 374 304 419 esse
332 352 481 420 futurum
509 357 583 419 rato
610 357 771 439 tempore,
800 376 881 439 quae
908 358 1019 441 potest
1047 377 1117 422 esse

103 441 260 509 fortuna?
284 463 349 527 qua
372 442 503 508 sublata
526 442 582 528 qui
604 442 695 508 locus
718 446 769 508 est
791 443 1006 511 divinationi?
1035 466 1117 529 quae

104 553 125 596 a
151 533 184 596 te
206 530 420 596 fortuitarum
442 552 552 596 rerum
574 535 626 595 est
647 531 735 596 dicta
757 532 954 616 praesensio.
1000 530 1117 609 Quam-

104 641 203 704 quam
222 618 352 685 dicebas
370 619 489 704 omnia,
507 640 590 704 quae
607 619 723 687 fierent
741 619 892 686 futurave
911 625 1029 706 essent,
1046 622 1117 687 fato

75 706 272 774 sconcineri.
317 706 414 773 Anile
447 729 525 773 sane
555 710 589 772 et
619 708 752 793 plenum
785 709 1028 794 superstitionis
1055 709 1117 775 fati

103 817 223 862 nomen
251 795 373 881 ipsum3
406 795 462 862 sed
488 800 601 863 tamen
627 796 713 881 apud
736 793 864 864 Stoicos
892 796 931 862 ds
959 798 1024 864 isto
1046 798 1118 864 fato

103 885 209 950 multa
246 883 409 969 dicuntur,
446 884 485 951 de
521 906 585 970 quo
620 884 717 968 alias3
752 906 837 952 nunc
869 885 956 970 quod
986 908 1156 1004 necesse8

103 976 163 1039 est.
213 969 248 1038 Si
286 973 396 1039 omnia
426 972 511 1058 fato,
548 972 626 1058 quid
656 973 738 1041 mihi
770 973 929 1041 divinatio
960 975 1117 1060 prodest?
1135 1017 1170 1066 20

105 1060 198 1138 Quod
232 1060 318 1127 enim
345 1061 388 1146 is,
420 1061 476 1146 qui
499 1060 638 1145 divinat,
663 1062 835 1148 praedicit,
866 1062 901 1128 id
927 1084 1004 1130 vero
1030 1063 1117 1129 futu·

63 1168 90 1208 ιο
104 1172 178 1215 rum
208 1153 272 1234 est,
300 1153 339 1216 ut
368 1170 409 1215 ne
436 1149 520 1215 illud
546 1150 677 1235 quidem
699 1151 800 1217 seiam
824 1151 921 1237 quale
944 1152 1001 1236 sit,
1031 1152 1118 1237 quod

104 1238 310 1323 Deiotarum,
341 1238 560 1305 necessarium
591 1242 756 1324 nostrum,
787 1258 827 1306 ex
858 1240 974 1305 itinere
1007 1242 1118 1326 aquila

103 1326 282 1411 revocavit,
312 1327 367 1411 qui
395 1327 461 1392 nisi
490 1327 694 1411 revertisset,
720 1327 756 1393 in
782 1348 820 1395 eo
843 1328 990 1395 conclavi
1013 1329 1043 1395 ei
1066 1352 1117 1396 cu·

103 1415 247 1483 bandum
276 1413 407 1500 fuisset,
437 1415 523 1501 quod
550 1437 709 1501 proxuma
734 1419 830 1482 nocte
856 1417 992 1501 corruit;
1023 1418 1118 1484 ruina

103 1504 207 1590 igitur
231 1524 405 1589 oppressus
429 1507 524 1570 esset.
560 1504 607 1569 At
629 1503 663 1570 id
684 1525 798 1589 neque,
821 1505 850 1570 si
872 1504 979 1570 latum
1000 1504 1117 1591 fuerat,

62 1609 90 1651 ¹⁵
105 1592 274 1679 effirgisset
295 1614 364 1674 nec,
387 1592 416 1658 si
440 1613 507 1658 non
528 1592 644 1676 fuerat,
666 1592 703 1658 in
719 1614 794 1658 eum
812 1613 924 1659 casum
941 1593 1117 1660 incidisset.

104 1680 189 1759 Quid
216 1702 295 1768 ergo
318 1681 452 1748 adiuvat
475 1680 656 1747 divinatio?
683 1685 741 1747 aut
764 1681 842 1765 quid
864 1685 928 1766 est,
956 1682 1043 1766 quod
1065 1704 1117 1749 me

104 1773 261 1836 moneant
283 1773 342 1836 aut
364 1773 470 1835 sortes
494 1773 551 1834 aut
574 1773 650 1835 exta
672 1773 730 1835 aut
751 1769 821 1835 ulla
843 1770 1045 1855 praedictio?
1081 1769 1117 1836 Si

104 1858 192 1925 enim
218 1857 325 1924 fatum
350 1857 415 1925 fuit
437 1858 558 1924 classes
581 1858 696 1944 populi
718 1856 859 1925 Romani
881 1858 970 1924 bello
993 1857 1116 1927 Punico

103 1947 221 2033 primo,
239 1947 378 2014 alteram
395 1945 578 2033 naufragio,
597 1946 734 2011 alteram
755 1946 905 2014 aPoenis
921 1947 1117 2034 depressam,

60 2053 91 2097 ao
104 2034 249 2120 interire,
273 2035 403 2101 etiamsi
425 2034 604 2120 tripudium
628 2035 835 2102 solistumum
857 2036 941 2122 pulli
963 2036 1117 2103 fecissent

103 2123 140 2189 L.
158 2122 252 2188 Iunio
270 2128 304 2190 et
321 2123 357 2189 P.
372 2122 509 2190 Claudio
527 2123 724 2208 consulibus,
747 2124 869 2190 classes
887 2127 1000 2192 tamen
1017 2124 1117 2191 inter·

104 2212 216 2278 issent.
251 2208 318 2297 Sin,
342 2234 415 2278 cum
439 2211 593 2298 auspiciis
616 2213 878 2298 obtemperatum
897 2216 992 2299 esset,
1019 2214 1117 2280 inter·

104 2301 210 2367 iturae
228 2301 350 2369 classes
366 2323 434 2367 nou
451 2300 591 2385 fuerunt,
611 2322 677 2367 non
695 2300 890 2367 interierunt
906 2300 991 2387 fat03
1013 2303 1115 2369 vultis

11 2388 12 2391 ’
105 2394 215 2456 autem
238 2389 348 2456 omnia
369 2388 454 2473 fat03
475 2390 569 2455 nulla
590 2389 693 2477 igitur
716 2393 767 2456 est
788 2389 956 2456 divinatio.
993 2388 1115 2466 Quodsi
1133 2405 1163 2455 ar

59 2492 91 2537 ss
104 2478 210 2544 fatum
232 2478 297 2544 luit
319 2477 407 2544 bello
425 2476 547 2544 Punico
570 2478 709 2544 secundo
728 2477 904 2545 exercitum
922 2479 1036 2564 populi
1054 2479 1117 2547 Ro·

104 2566 194 2633 mani
217 2566 259 2631 ad
280 2566 389 2631 lacum
411 2565 669 2632 Trasumennum
692 2566 839 2650 interire,
860 2588 939 2633 num
962 2567 996 2632 id
1018 2567 1118 2633 vitari

105 2654 223 2740 potuit,
246 2653 275 2719 si
296 2652 477 2720 Flaminius
499 2655 613 2722 consul
636 2654 677 2721 iis
700 2654 804 2741 signis
825 2654 932 2740 iisque
954 2656 1117 2741 auspiciis,

106 2741 224 2827 quibas
250 2763 397 2829 pugnare
423 2743 673 2829 prohibebatur,
701 2742 887 2829 paruisset?
925 2742 1034 2825 [Certe
1061 2766 1117 2831 po·

106 2829 193 2913 tuit]
231 2831 300 2897 Aut
329 2830 431 2917 igitur
456 2853 523 2897 non
548 2831 619 2897 fato
642 2831 768 2897 interiit
789 2831 963 2916 exercitus,
991 2836 1060 2916 aut,
1089 2833 1118 2899 si

60 2934 92 2977 ⁸0
105 2918 176 2986 fato
200 2915 302 3005 (quod
325 2923 411 2985 certe
433 2919 527 2985 vobis
550 2919 598 2984 ita
621 2919 790 2986 dicendum
812 2917 887 3007 est),
910 2921 1039 2987 etiamsi
1062 2922 1118 2988 ob

105 3010 322 3093 temperasset
345 3007 506 3092 auspiciis,
528 3007 614 3073 idem
636 3011 826 3074 eventurum
843 3007 974 3094 fuisset3
996 3010 1118 3076 mutari

106 3096 192 3162 enim
219 3095 291 3162 fata
312 3117 379 3163 non
400 3100 547 3181 possunt.
584 3094 649 3162 Ubi
672 3100 723 3162 est
746 3095 849 3184 igitur
871 3097 937 3163 ista
960 3097 1117 3165 divinatio

105 3182 311 3251 Stoicorum?
341 3206 438 3270 quae,
467 3184 496 3251 si
521 3185 592 3251 fato
620 3184 730 3252 omnia
751 3186 848 3271 fiunt,
874 3186 957 3252 nihil
979 3207 1040 3254 nos
1064 3188 1118 3254 ad·

106 3294 237 3339 monere
254 3276 375 3360 potest,
392 3277 430 3340 ut
449 3273 610 3341 cautiores
629 3273 744 3358 simus3
767 3295 897 3360 quoquo
917 3274 1003 3341 enim
1020 3276 1118 3342 modo

63 3375 165 3427 tonos
193 3362 404 3448 gesserimus,
430 3362 488 3428 fiet
514 3366 625 3428 tamen
651 3362 747 3445 illud,
775 3362 862 3448 quod
883 3363 1031 3430 futurum
1053 3368 1118 3449 est,

106 3447 158 3515 sin
185 3452 295 3516 autem
322 3450 356 3516 id
377 3455 489 3537 potest
510 3450 610 3534 flecti,
636 3451 764 3517 nullum
787 3454 838 3517 est
859 3451 979 3536 fatum,
1006 3452 1054 3518 ita
1075 3473 1117 3517 nc

106 3536 265 3604 divinatio
295 3539 438 3625 quidem,
468 3540 621 3622 quoniam
648 3561 688 3605 ea
714 3560 823 3605 rerum
849 3539 1035 3605 futurarum
1058 3544 1116 3605 est
