2654 3924
171 205 236 269 310
530 203 579 257 DE
597 204 645 258 RE
663 205 820 259 PUBLICA

170 348 259 434 muli,
282 353 353 414 tum
377 353 476 414 etiam
496 348 696 433 reliquorum
714 370 829 436 regum
848 350 1010 434 sapientia
1028 349 1190 417 definitus

170 459 209 502 ex
232 438 320 503 omni
337 441 431 523 parte
451 436 560 502 arduis
577 437 826 523 praeruptisque
844 438 1020 523 montibus,
1042 444 1079 503 at
1095 460 1187 504 unus

171 526 286 611 aditus,
305 526 361 610 qui
379 530 465 591 esset
482 526 568 591 inter
586 525 793 610 Esquilinum
807 525 1071 611 Quirinalemque
1089 549 1187 592 mon·
1305 548 1306 579 l

169 618 250 700 tem,
277 614 419 680 maximo
448 636 568 700 aggere
595 614 722 680 obiecto
745 614 835 680 fossa
858 613 1041 700 cingeretur
1062 615 1186 680 vastis-

169 704 268 787 sima,
295 706 393 787 atque
420 706 458 768 ut
484 703 533 767 ita
560 703 686 768 munita
709 725 767 767 arx
790 704 997 768 circumiectu
1021 704 1122 770 arduo
1146 710 1186 768 et
1213 720 1231 760 ⁵

168 788 634 945 atttttttttttt
652 791 1185 946 tttstttttttttttt
1305 790 1306 851 r

170 972 268 1053 atque
290 903 414 1033 iniecta
435 967 659 1052 permanserit.
699 967 884 1052 Locumque
908 968 1030 1054 delegit
1053 972 1087 1034 et
1108 969 1183 1034 fon-

169 1057 257 1122 tibus
288 1055 506 1121 abundantem
534 1060 568 1121 et
594 1056 628 1120 in
655 1057 787 1142 regione
810 1057 978 1141 pestilenti
1000 1057 1182 1141 salubrem3

170 1145 269 1210 colles
293 1145 379 1209 enim
402 1149 490 1228 sunt,
519 1144 574 1228 qui
597 1166 670 1210 cum
691 1145 872 1230 perflantur
893 1145 970 1230 ipsi,
998 1149 1068 1210 tum
1092 1145 1182 1211 adfe-
1196 1165 1228 1205 ιο

169 1236 246 1297 runt
268 1232 418 1298 umbram
440 1233 591 1297 vallibus.
986 1292 988 1295 .

132 1316 150 1379 7
236 1320 346 1405 Atque
372 1321 452 1387 hacc
480 1321 608 1405 quidem
635 1322 842 1407 perceleriter
864 1321 1016 1406 confecit3
1045 1326 1182 1387 namet
1305 1294 1306 1361 l

124 1393 151 1445 ¹²
169 1409 284 1475 urbem
311 1410 494 1493 constituit,
523 1431 621 1495 quam
644 1431 662 1474 e
686 1431 745 1476 suo
767 1410 899 1475 nomine
920 1409 1059 1475 Romam
1081 1410 1181 1475 iussit

169 1526 197 1578 p.
216 1501 281 1581 262]
308 1498 484 1582 nominari,
513 1502 547 1563 et
574 1497 615 1563 ad
636 1495 838 1585 firmanldam
865 1520 984 1564 novam
1011 1499 1180 1564 civitatem

169 1587 534 1761 ttttsstttgt
554 1586 746 1760 tttsst?
768 1586 958 1761 lttttgt
972 1587 1180 1741 timidam&
1193 1606 1222 1646 ¹⁶

170 1765 236 1832 iarn
264 1768 334 1829 tum
362 1765 459 1849 longe
485 1763 686 1849 providentis
709 1767 838 1829 secutus
862 1768 921 1847 est,
944 1785 1017 1829 eum
1039 1761 1179 1829 Sabinas

170 1853 307 1918 honesto
339 1856 429 1917 ortas
461 1852 533 1917 loco
559 1852 718 1938 virgines,
750 1874 832 1936 quae
860 1851 1000 1918 Romam
1028 1852 1179 1918 ludorum

171 1943 279 2027 gratia
305 1941 483 2023 venissent,
510 1961 592 2024 quos
619 1945 690 2005 tum
717 1941 859 2025 primum
883 1941 1120 2006 anniversarios
1143 1942 1178 2005 in

171 2031 255 2095 circo
282 2028 392 2094 facere
414 2028 625 2113 instituisset,
653 2027 869 2094 Consualibus
897 2030 969 2114 rapi
991 2029 1088 2095 iussit
1110 2051 1178 2094 eas·
1192 2049 1220 2090 so
1305 2076 1306 2097 2

170 2146 198 2197 p.
208 2124 275 2199 271]
289 2138 352 2201 que
369 2117 405 2181 in
422 2116 621 2182 familiarum
639 2117 915 2202 amplissimarum
934 2118 948 2202 Ι·
960 2118 1178 2183 matrimoniis

121 2226 151 2276 13
171 2205 351 2271 collocavit.
384 2204 454 2280 Qua
476 2228 515 2270 ex
538 2226 636 2271 causa
659 2226 731 2271 cum
749 2204 873 2270 bellum
891 2206 1047 2271 Romanis
1066 2204 1179 2272 Sabini

170 2293 358 2360 intulissent
384 2294 564 2380 proeliique
592 2295 756 2359 certamen
783 2295 911 2359 varium
939 2299 1036 2378 atque
1060 2317 1178 2380 anceps

169 2382 298 2468 fuisset,
330 2404 402 2448 cum
429 2381 466 2446 Τ.
493 2381 602 2465 Tatio,
634 2403 711 2469 rege
738 2378 945 2465 Sabinorum,
976 2382 1089 2448 foedus
1120 2384 1177 2448 icit

172 2470 329 2537 matronis
350 2470 440 2556 ipsis,
464 2492 546 2555 quae
568 2474 682 2555 raptae
701 2474 802 2554 crant,
825 2471 1008 2555 orantibus3
1031 2493 1095 2555 quo
1112 2472 1177 2537 foe·
1190 2488 1217 2532 as

171 2560 245 2625 dere
268 2564 301 2626 et
324 2558 463 2625 Sabinos
484 2558 520 2622 in
542 2558 708 2624 civitatem
731 2559 869 2624 adscivit
892 2559 992 2624 sacris
1015 2560 1177 2626 conmuni·

170 2649 253 2714 catis
276 2652 310 2714 et
331 2669 468 2734 regnum
491 2668 586 2712 suum
609 2669 682 2712 cum
704 2647 837 2713 illorum
859 2669 937 2734 rege
959 2647 1105 2714 sociavit.

131 2723 151 2788 8
235 2737 317 2804 Post
334 2736 504 2801 interitum
525 2739 634 2801 autem
648 2735 736 2800 Tatii
754 2758 827 2801 cum
846 2735 887 2802 ad
906 2757 979 2801 eum
993 2736 1176 2802 dominatus
1213 2796 1217 2805 l

119 2802 274 2907 1⁴¹pata]
294 2825 400 2891 omnis
418 2824 612 2906 rescidisset,
632 2824 637 2908 Ι
658 2846 853 2909 quamquam
872 2846 946 2890 cum
958 2824 1060 2890 'Tatio
1078 2826 1113 2890 in
1130 2848 1176 2891 re

171 2914 261 3001 gium
283 2913 454 2979 consilium
474 2912 639 2998 delegerat
657 2913 818 2998 principes
837 2911 907 2998 (qui
926 2913 1083 2998 appellati
1102 2918 1176 2979 sunt
1189 2931 1214 2973 so

170 3007 304 3088 propter
322 3001 493 3067 caritatem
510 2998 659 3086 patres)
678 3001 898 3086 populumque
916 3005 949 3066 ct
968 3023 1027 3067 suo
1042 3006 1075 3067 et
1090 3003 1176 3068 Tatii

169 3092 300 3157 nomine
330 3093 363 3155 et
389 3089 599 3173 Lucumonis,
629 3089 686 3174 qui
708 3089 839 3155 Romuli
866 3089 972 3155 socius
1000 3090 1035 3154 in
1057 3088 1175 3157 Sabino

170 3179 295 3265 proelio
318 3177 488 3262 occiderat,
510 3177 546 3242 in
567 3177 673 3243 tribus
696 3178 757 3242 tris
780 3177 950 3262 curiasque
972 3178 1111 3265 triginta
1134 3181 1176 3244 di·

170 3266 346 3352 scripserat
373 3263 469 3351 (quas
497 3265 602 3331 curias
630 3288 741 3331 earum
763 3265 949 3331 nominibus
971 3269 1175 3353 nuncupavit,

171 3376 253 3439 quae
281 3375 320 3420 cx
342 3351 473 3419 Sabinis
499 3353 643 3440 virgines
670 3358 784 3438 raptae
811 3357 927 3438 postca
952 3353 1082 3420 fuerant
1109 3379 1175 3422 ora
1188 3375 1213 3416 aa

169 3442 267 3507 trices
293 3441 383 3527 pacis
411 3443 444 3505 ct
470 3439 624 3529 foederis)
647 3475 690 3490 -
714 3440 771 3506 sed
798 3462 994 3526 quamquam
1022 3465 1061 3509 ea
1082 3444 1175 3509 Tatio

169 3557 197 3609 p.
216 3531 281 3610 237]
310 3529 357 3595 sic
382 3530 475 3594 crant
494 3532 500 3611 Ι
520 3529 675 3614 discripta
697 3528 786 3610 vivo,
814 3533 924 3593 tamen
946 3551 985 3594 eo
1006 3531 1175 3596 interfecto
