2654 3912
385 209 452 265 ΜΒ,
471 210 519 263 111.
541 209 617 264 GAP.
639 217 750 265 11—14.
769 217 784 275 s
803 216 916 264 ac-aa.
1087 210 1153 273 443

146 378 187 422 ne
209 354 317 420 veniet
341 354 470 445 quidem
492 354 528 419 in
546 377 619 418 eum
638 354 784 419 ordinem
802 353 974 438 quisquam
994 353 1065 418 vitii
1082 376 1154 438 par·

146 445 259 528 ticeps.
303 442 342 507 Id
373 446 483 508 autem
515 442 645 508 difficile
676 443 767 507 factu
795 446 845 506 est
871 442 935 506 uisi
965 442 1154 507 educatione

148 532 288 617 quadam
306 535 339 596 et
358 531 540 616 disciplina3
565 530 602 595 de
622 554 686 617 qua
703 531 845 596 dicemus
864 530 987 615 aliquid
1004 530 1154 615 fortasse,

148 620 175 685 si
208 619 284 704 quid
315 619 415 684 fuerit
445 620 509 685 loci
536 623 593 685 aut
619 619 787 705 temporis.
831 620 906 686 Aer.
933 618 1038 684 Locus
1067 624 1153 685 certe
1173 634 1207 683 ao

120 729 133 768 s
147 731 213 773 non
232 707 342 788 deerit,
361 709 514 792 quoniam
533 711 624 773 tcnes
639 709 784 773 ordinem
797 708 917 793 legum,
930 711 1059 793 tempus
1077 730 1154 774 vero

147 796 287 882 largitur
322 796 492 882 longitudo
525 796 597 861 diei.
646 796 719 883 Ego
748 800 870 880 autem,
905 796 1034 861 etiamsi
1064 819 1155 881 prae·

147 885 287 969 terieriS,
310 888 456 970 repetam
481 907 501 948 a
522 887 556 949 te
578 884 679 949 istum
702 885 741 950 de
764 884 952 950 educatione
975 885 1071 950 etde
1094 886 1156 949 dis·

148 973 268 1058 ciplina
299 973 416 1038 locum.
461 974 508 1038 M.
531 972 581 1037 Tu
607 995 683 1038 vero
712 976 746 1038 et
771 973 885 1057 istum,
913 974 1037 1058 Attice,
1064 977 1098 1039 et
1127 974 1155 1039 si

148 1083 244 1146 quem
277 1061 377 1126 alium
403 1061 610 1146 praeteriero.
656 1059 807 1127 Ceteris
835 1062 1031 1147 specimen
1061 1066 1154 1128 esto.

109 1171 134 1210 ιο
148 1150 240 1225 Quod
264 1149 292 1214 si
316 1155 457 1227 nocemus,
479 1153 626 1215 tenemus
650 1150 767 1216 omnia.
802 1148 849 1215 Ut
867 1150 953 1215 enim
972 1151 1155 1236 cupiditati-

147 1240 208 1303 bus
236 1238 418 1323 principum
446 1241 479 1302 et
505 1238 594 1303 vitiis
621 1239 710 1304 infici
737 1239 822 1304 solet
848 1241 921 1304 tota
947 1239 1076 1324 civitas,
1108 1241 1155 1306 sic

148 1325 311 1391 emendari
335 1330 367 1412 et
391 1326 510 1411 corrigi
529 1326 736 1392 continentia.
773 1325 833 1391 Vir
852 1348 990 1413 magnus
1010 1332 1043 1392 et
1060 1329 1155 1394 nobis

148 1415 297 1480 omnibus
317 1414 448 1496 amicus,
471 1414 505 1479 L.
524 1414 687 1499 Lucullus,
710 1416 884 1498 ferebatur,
904 1416 997 1500 quasi
1016 1439 1155 1482 commo·

148 1503 279 1568 dissime
297 1503 528 1588 respondisset,
547 1525 645 1588 quom
664 1508 750 1569 esset
769 1504 896 1569 obiecta
913 1505 1156 1591 magnificentia

109 1612 134 1653 rs
147 1592 246 1656 villae
268 1590 484 1674 Tusculanae,
510 1592 572 1657 duo
596 1614 630 1656 se
652 1591 772 1658 habere
795 1592 932 1677 vicinos,
955 1594 1152 1678 superiorem

148 1681 289 1764 equitem
321 1679 518 1762 Romanum,
555 1680 740 1745 inferiorem
776 1681 978 1766 libertinum3
1016 1704 1155 1767 quorum

149 1791 246 1853 quom
272 1772 381 1833 essent
403 1769 594 1854 magnificae
619 1768 728 1851 villae,
756 1769 886 1834 concedi
909 1770 972 1834 sibi
995 1775 1154 1856 oportere,

148 1857 234 1941 quod
261 1857 316 1940 iis,
347 1856 402 1940 qui
428 1856 591 1922 inferioris
619 1857 741 1922 ordinis
765 1861 886 1941 esseut,
913 1858 1034 1923 liceret.
1079 1858 1156 1925 Non

147 1946 244 2027 vides,
268 1944 410 2027 Luculle,
434 1968 454 2010 a
476 1949 509 2011 te
532 1944 565 2010 id
585 1946 692 2030 ipsum
711 1949 833 2029 natum,
856 1949 894 2010 ut
911 1946 961 2011 illi
979 1949 1154 2032 cuperent?
1244 1973 1248 1981 ·

107 2034 265 2118 aquibus
288 2033 335 2117 id,
359 2033 386 2097 si
405 2037 441 2098 tu
464 2055 530 2098 non
551 2033 688 2118 faceres,
710 2056 776 2099 non
799 2034 919 2099 liceret.
965 2033 1044 2111 Quis
1067 2037 1153 2101 enim
1173 2050 1205 2098 31

147 2123 247 2187 ferret
274 2121 370 2204 istos,
398 2143 496 2206 quom
523 2122 647 2187 videret
670 2144 781 2187 eorum
804 2122 901 2187 villas
925 2123 1028 2210 signis
1051 2128 1085 2189 et
1107 2129 1155 2189 ta·

148 2210 234 2274 bulis
257 2209 403 2292 refertas,
425 2209 546 2295 partim
569 2210 718 2295 publicis,
740 2211 862 2297 partim
883 2212 982 2276 etiam
1002 2214 1102 2278 sacris
1122 2219 1155 2278 et

148 2298 333 2385 religiosis?
353 2298 424 2382 quis
443 2298 694 2385 confrangeret
714 2322 824 2366 eorum
843 2299 1004 2386 libidines,
1021 2301 1086 2366 nisi
1103 2302 1155 2367 illi

147 2387 220 2471 ipsi,
244 2387 299 2471 qui
317 2409 372 2452 eas
390 2387 541 2474 frangere
560 2388 723 2472 deberent,
741 2389 929 2474 cupiditatis
948 2390 1091 2455 eiusdem
1109 2394 1155 2455 te·

107 2493 134 2533 ao
147 2475 322 2539 merentur?
359 2473 428 2541 Nec
458 2476 543 2540 enim
571 2479 698 2541 tantum
726 2477 804 2541 mali
832 2482 883 2543 est
909 2499 1041 2563 peccare
1068 2479 1154 2564 prin·
1166 2481 1207 2546 14

148 2563 246 2646 cipes,
269 2583 465 2645 quamquam
488 2567 539 2626 est
561 2585 716 2649 magnum
739 2564 801 2629 hoc
823 2587 882 2650 per
904 2587 939 2630 se
961 2567 1068 2651 ipsum
1089 2590 1155 2633 ma·

149 2650 225 2731 lum,
249 2653 406 2732 quantum
428 2650 524 2734 illud,
548 2651 633 2734 quod
655 2652 810 2736 permulti
833 2652 1016 2719 imitatores
1039 2655 1156 2740 princi·

147 2760 225 2821 pum
258 2738 409 2801 existunt.
454 2736 540 2802 Nam
572 2738 649 2804 licet
680 2740 802 2825 videre,
834 2741 863 2806 si
889 2742 971 2808 uelis
998 2743 1156 2828 replicare

148 2825 337 2890 memoriam
366 2829 561 2911 temporum,
590 2828 839 2914 qualescumque
866 2830 985 2896 summi
1011 2832 1155 2898 civitatis

107 2933 135 2974 so
148 2914 210 2978 viri
231 2913 367 2996 fuerint,
394 2915 494 2979 talem
518 2916 683 2981 civitatem
705 2916 819 3002 fuisse3
846 2940 1065 3004 quaecumque
1088 2943 1156 2986 mu·

147 3002 229 3067 tatio
258 3025 384 3068 morum
412 3003 447 3067 in
473 3003 673 3090 principibus
702 3005 860 3090 extiterit,
889 3008 1023 3073 eandem
1045 3008 1081 3074 in
1098 3032 1155 3094 po-

146 3092 224 3177 pulo
258 3096 409 3157 secutam.
454 3089 555 3176 quue
582 3093 670 3158 haud
697 3094 795 3179 paulo
826 3099 876 3159 est
903 3096 1024 3181 verius,
1056 3119 1155 3182 quam
1174 3111 1207 3159 32

148 3180 234 3263 quod
254 3178 386 3245 Platoni
413 3184 526 3246 nostro
553 3182 675 3266 placet,
703 3181 758 3267 qui
786 3183 982 3249 musicorum
1005 3186 1155 3252 cantibus

147 3268 193 3332 ait
221 3268 357 3332 mutatis
384 3270 504 3334 mutari
531 3270 701 3335 civitatum
729 3274 849 3355 status3
879 3293 941 3358 ego
969 3277 1078 3338 autem
1100 3297 1156 3340 no·

107 3374 133 3416 ss
146 3356 262 3420 bilium
290 3357 359 3420 vita
385 3356 536 3442 victuque
562 3362 688 3424 mutato
712 3381 818 3424 mores
841 3360 963 3426 mutari
985 3361 1155 3427 civitatum

146 3448 235 3529 puto.
272 3442 341 3520 Quo
365 3445 576 3528 perniciosius
600 3447 638 3511 de
658 3469 693 3512 re
712 3447 844 3532 publica
861 3452 1026 3514 merentur
1045 3450 1155 3516 vitiosi

145 3532 321 3618 principes,
347 3533 433 3616 quod
460 3556 525 3601 non
552 3535 659 3600 solum
681 3535 763 3600 vitia
785 3537 972 3621 concipiunt
993 3537 1071 3623 ipsi,
1098 3539 1155 3604 sed
