2654 3924
472 196 548 252 cnr.
568 202 681 263 necea
703 203 816 253 ιο-ιι.
1083 195 1147 260 2ῡῖ

141 340 212 406 fieri
233 362 338 427 posse.
385 340 447 424 Tu,
475 344 508 406 et
530 362 612 425 quae
634 362 701 405 non
724 340 790 405 sint
811 340 936 425 futura,
958 362 1055 427 posse
1079 341 1148 408 fieri

143 429 235 512 diois,
262 434 300 494 ut
321 428 430 515 frangi
452 428 537 494 hanc
560 450 735 514 gemmam,
763 429 894 494 etiamsi
916 429 949 493 id
971 451 1148 514 numquam

141 518 289 582 futurum
316 517 371 600 ait,
398 538 501 602 neque
526 539 657 583 necesse
683 516 784 582 fuisse
807 515 982 603 Cypselum
1010 539 1154 604 regnare
1179 580 1182 584 Δ

144 605 257 671 Corint
242 605 301 690 thi,
319 627 515 690 quamquam
532 605 565 670 id
584 605 780 708 millensimo
795 609 871 670 ante
885 627 969 671 anno
984 606 1148 691 Apollinis

116 695 274 760 coraeulo
302 693 424 761 editum
451 697 545 759 esset.
522 693 688 758 tAt
663 716 691 759 ιι
713 693 778 759 iata
801 694 1017 797 conprobabis
1041 695 1149 760 divina

142 781 317 867 praedicta,
340 785 382 866 et,
404 804 487 868 quae
509 782 624 848 falsa
614 805 649 846 m
666 782 786 847 futuris
805 778 995 866 dicentur,
982 806 1016 848 ιιι
1034 783 1075 848 iis
1093 783 1149 848 ha

142 870 249 955 bebis,
275 874 313 935 ut
339 893 389 935 ea
404 870 475 935 fieri
502 893 568 936 non
594 870 723 956 possint
751 873 801 952 [ut
824 871 853 935 si
876 871 962 937 dicat
948 875 1002 936 tur
1024 871 1149 940 Africa·

142 981 220 1024 num
247 957 330 1022 Kart
316 958 450 1045 thagine
479 960 565 1044 potit
567 962 688 1043 urum],
718 963 764 1043 et,
796 959 824 1024 si
852 981 928 1025 vere
958 960 1043 1025 dicat
1029 964 1083 1025 tur
1110 960 1148 1025 de

142 1047 263 1132 futuro,
285 1047 381 1131 idque
403 1047 452 1115 ita
470 1047 619 1113 futurum
643 1048 696 1133 sit,
719 1047 806 1113 dicas
831 1069 901 1113 esse
919 1049 1150 1133 necessarium3

104 1154 225 1219 requae
254 1139 304 1200 est
331 1139 404 1201 tota
424 1135 561 1202 Diodori
584 1136 678 1201 vobis
706 1136 837 1201 inimica
864 1136 1043 1202 sententia:
1074 1137 1150 1203 fite·
1170 1152 1200 1199 14

143 1224 211 1288 nim
235 1224 264 1289 si
284 1223 367 1289 illud
389 1246 465 1289 vere
487 1225 678 1291 conectitur:
703 1222 749 1288 ‘Si
772 1225 895 1290 oriente
919 1225 1073 1291 Canicula
1095 1249 1150 1292 na

143 1317 197 1377 tus
221 1333 264 1396 es,
286 1313 321 1377 in
344 1312 427 1378 mari
449 1334 515 1378 non
538 1312 695 1396 moriere',
718 1313 922 1397 primumque
943 1314 1029 1398 quod
1047 1315 1151 1379 estin

144 1422 277 1466 conexo:
306 1399 428 1466 ‘Natus
451 1422 485 1465 es
509 1401 633 1467 oriente
656 1399 832 1485 Canicula',
859 1402 1077 1467 necessarium
1100 1407 1150 1468 est

145 1488 268 1572 (omnia
298 1489 383 1554 enim
412 1510 489 1557 vera
515 1489 550 1554 in
576 1489 763 1575 praeteritis
789 1492 972 1555 necessaria
995 1495 1084 1575 sunt,
1113 1496 1151 1557 ut

106 1597 130 1637 ιι
145 1577 328 1663 Chrysippo
365 1577 474 1663 placet
506 1578 710 1643 dissentienti
741 1600 760 1642 a
792 1579 951 1665 magistro
984 1577 1150 1664 Cleanthe,

146 1666 221 1750 quia
244 1669 320 1730 sunt
341 1665 549 1731 inmutabilia
570 1687 630 1731 nec
650 1666 686 1730 in
704 1665 826 1731 falsum
843 1688 861 1731 e
879 1688 955 1732 vero
974 1669 1151 1751 praeterita

144 1757 282 1840 possunt
300 1751 515 1841 convertere);
538 1754 566 1820 ai
584 1754 694 1839 igitur,
713 1754 799 1840 qnod
817 1755 959 1840 primum
976 1755 1012 1820 in
1030 1778 1150 1822 conexo

145 1846 203 1927 est,
221 1841 438 1908 necessarium
453 1846 516 1926 est,
533 1843 572 1907 fit
586 1843 694 1927 etiam,
713 1843 798 1927 quod
812 1843 1028 1928 consequitur,
1044 1867 1151 1910 neces-

145 1930 274 1996 sarium
298 1929 501 2014 Quamquam
514 1930 577 1997 hoc
587 1929 769 2017 Chrysippo
782 1953 849 1996 non
862 1931 990 1997 videtur
999 1933 1108 1998 valere
1117 1933 1151 1998 in

105 2038 131 2076 ιο
146 2019 309 2104 οιιιιιιιιιιις
331 2020 386 2085 sed
404 2024 524 2121 tamen,
542 2042 571 2085 er
561 2019 748 2084 naturalis
767 2023 817 2085 est
831 2041 936 2103 causa,
951 2042 1007 2087 cur
1020 2021 1055 2085 in
1069 2022 1152 2087 mari

145 2107 264 2173 Fabius
282 2130 349 2174 non
366 2107 567 2192 moriatur,
557 2130 592 2172 m
609 2130 692 2173 marr
683 2106 828 2173 Fabius
847 2108 931 2174 mori
947 2131 1014 2174 non
1031 2114 1149 2194 potest.

210 2196 282 2262 Hoc
311 2197 383 2262 loco
411 2194 611 2282 Chrysippus
641 2200 793 2262 aestuans
822 2196 896 2263 falli
923 2202 1033 2282 sperat
1031 2133 1150 2264 pChal·
1170 2169 1201 2296 85

146 2285 242 2351 daeos
265 2288 452 2370 ceterosque
476 2285 615 2370 divinos,
641 2306 745 2369 neque
768 2307 824 2351 eos
846 2307 962 2352 usuros
986 2308 1056 2352 esse
1079 2248 1185 2353 con·l

145 2373 371 2458 iunctionibus,
394 2372 480 2438 utt
452 2396 465 2437 1
481 2396 501 2438 a
519 2394 578 2438 sua
594 2378 748 2459 percepta
765 2374 990 2460 pronuntient:
1014 2372 1060 2440 Si
1079 2377 1151 2460 quis

107 2479 132 2518 ιι
145 2465 242 2526 natus
265 2467 315 2526 est
338 2461 461 2527 oriente
485 2459 681 2546 Canicula,
671 2482 700 2526 rs
722 2462 757 2526 in
781 2462 863 2528 mari
884 2484 951 2528 non
974 2464 1142 2529 morietur'
1143 2515 1153 2548 ,

147 2549 202 2614 sed
224 2550 333 2635 potius
356 2550 405 2614 ita
428 2548 549 2616 dicant:
573 2548 661 2614 Non
684 2553 716 2614 et
738 2554 796 2614 nat
798 2572 835 2616 us
859 2554 909 2615 cst
933 2551 1005 2634 quis
1028 2552 1152 2617 oriente

147 2637 314 2722 Canicula,
341 2638 406 2703 et
396 2659 425 2703 rs
447 2639 482 2704 in
505 2637 588 2703 mari
611 2637 788 2703 morietur.²
829 2637 856 2703 O
879 2638 1077 2705 licentiam
1068 2663 1153 2706 rocu-

146 2726 262 2790 larem!
284 2748 324 2790 ne
347 2726 417 2811 ipse
439 2726 593 2792 incidat
583 2748 619 2790 ιιι
638 2726 827 2811 Diodorum,
850 2726 944 2793 docet
962 2725 1152 2812 Chaldaeae,

146 2835 209 2915 quo
241 2818 337 2899 pacto
367 2836 422 2879 eos
451 2837 609 2917 exponere
639 2818 792 2901 percepta
821 2818 980 2901 oporteat.
1025 2814 1152 2892 Quaero

107 2920 132 2961 ιο
147 2902 241 2986 enim,
264 2901 293 2967 si
315 2900 520 2969 Chaldaeit
492 2907 541 2968 ata
562 2905 752 2987 loquantur,
774 2907 812 2968 ut
834 2904 1025 2990 negationes
1048 2905 1152 2969 infini-

146 2996 255 3056 tarum
278 2989 538 3057 coniunctionum
560 2992 669 3077 potius
694 3014 799 3145 quamt
813 2991 920 3057 infinit
906 2996 941 3057 ta
958 3013 1080 3058 conexa
1097 3015 1152 3079 po·

145 3083 239 3165 nant,
262 3101 318 3146 cur
340 3077 425 3143 idem
448 3079 572 3162 medici,
595 3101 651 3145 cur
670 3084 799 3181 geomct
801 3103 865 3164 rae,
888 3102 944 3147 cur
966 3080 1085 3183 reliqui
1106 3080 1152 3146 fa·

146 3190 216 3235 cere
247 3190 313 3234 non
344 3167 481 3269 pqssint.
458 3167 706 3233 tMedicus
697 3191 732 3233 ιιι
757 3169 885 3255 primis,
918 3168 1004 3253 quod
1032 3169 1095 3234 erit
1123 3170 1152 3235 ei

144 3256 387 3343 perspectum
377 3278 411 3320 m
435 3259 517 3341 arte,
544 3277 611 3321 non
632 3256 681 3320 ita
703 3261 875 3342 proponet.
904 3255 954 3323 Si
977 3257 1029 3323 cui
1050 3280 1152 3323 venae

107 3359 133 3401 ³⁵
147 3344 194 3409 sic
216 3349 395 3430 moventur,
418 3344 446 3409 is
470 3345 569 3409 habet
592 3343 730 3428 febrim',
753 3345 809 3411 sed
831 3346 941 3431 potius
964 3345 1023 3411 illo
1042 3346 1152 3412 modo:

147 3431 234 3497 ‘Non
265 3437 298 3498 et
328 3455 428 3498 venae
461 3432 507 3500 sie
533 3433 583 3498 cui
609 3437 793 3516 moventur,
826 3438 859 3498 et
885 3435 914 3499 is
941 3433 1060 3499 febrim
1086 3456 1150 3499 non

145 3520 265 3586 habet'
301 3520 448 3607 Itemque
472 3524 652 3608 geometres
673 3542 740 3587 non
757 3521 806 3586 ita
824 3521 920 3588 dicet:
945 3522 994 3587 ‘In
1013 3523 1152 3608 sphaera

199 3633 254 3677 010.
268 3634 310 3675 ιι.
324 3637 342 3675 a.
855 3638 858 3645 ’
907 3631 939 3679 17
