2652 3920
184 219 251 284 216
532 218 582 274 ΒΕ
599 218 842 275 DIVINATIONE
1310 268 1311 313 ,

185 384 295 451 saepe,
319 367 431 430 tamen
452 385 630 448 numquam
652 363 760 466 aegris
782 361 894 430 dicunt
915 363 975 430 illo
998 364 1113 430 morbo
1137 384 1194 431 eos
1310 328 1311 403 i

184 473 255 519 esse
278 452 468 537 morituros3
491 452 597 519 omnis
619 451 706 517 enirn
728 451 905 538 praedictio
929 451 1008 517 mali
1031 455 1102 518 tum
1143 474 1195 519 ro·
1273 456 1311 549 ·]

132 552 166 603 ιι
183 541 290 626 batur,
311 559 386 608 cum
408 540 450 606 ad
471 540 724 626 praedictionem
746 540 854 642 cautio
876 539 1073 628 adiungitur.
1109 477 1280 618 (lind
1310 524 1311 603 1

183 629 286 732 igitur
308 632 366 697 aut
389 633 519 696 ostenta
541 632 598 695 aut
621 650 733 694 eorum
753 628 788 694 in
788 632 947 712 terpretes
965 629 1018 694 vel
1036 628 1194 697 Lacedae
1309 608 1311 701 1

184 718 311 785 monica
338 717 418 785 olim
444 718 497 784 vel
523 737 626 804 nuper
652 721 784 783 nostros
811 716 1026 784 adiuverunt?
1058 739 1141 803 quae
1165 718 1194 784 si
1222 736 1236 778 ι
1310 752 1312 811 5

184 807 299 909 signa
297 805 430 873 deorum
448 805 594 892 putanda
612 809 697 889 sunt,
719 828 776 873 cur
793 808 863 871 tem
882 805 1021 872 obscura
1036 805 1193 874 fuenmt?
1310 814 1311 885 1

183 895 213 960 si
249 894 349 979 enim,
384 898 421 960 ut
452 855 730 981 intellegeremus,
766 893 844 979 quid
875 898 962 959 esset
993 899 1194 980 eventurum,
1310 926 1311 981 ι

87 1055 89 1058 ,
184 987 320 1084 aperte
319 982 477 1048 declarari
500 985 596 1070 oport
581 982 686 1068 t,ebat
706 985 766 1049 'aut
787 1003 829 1049 ne
851 983 977 1049 occulte
1000 982 1195 1069 quidem,si
1310 1052 1311 1063 ,

185 1094 224 1138 ea
247 1071 322 1137 sciri
343 1071 509 1137 nolebant.
1310 1066 1311 1097 ¹

132 1160 175 1225 26
251 1159 323 1225 Iam
342 1181 422 1226 'vero
445 1159 629 1225 coniectura
652 1158 767 1243 omnis,
788 1158 824 1224 in
846 1181 911 1244 qua
932 1157 1049 1224 nititur
1071 1159 1194 1226 divina·
1209 1180 1237 1221 ιι
1310 1104 1311 1191 l

186 1247 243 1332 tio,
260 1246 400 1334 ingeniis
418 1248 586 1313 hominum
604 1246 639 1313 in
657 1248 778 1313 multas
793 1251 850 1313 aut
865 1247 1008 1313 diversae
1023 1249 1195 1315 autetiam

186 1336 366 1402 contrarias
394 1337 499 1422 partis
522 1358 618 1422 saepe
641 1336 811 1402 diducitur.
851 1334 898 1402 Ut
921 1335 1007 1402 enim
1029 1336 1065 1401 in
1087 1337 1194 1405 causis
1310 1370 1311 1375 ¹

186 1424 391 1491 iudicialibus
414 1425 480 1491 alia
501 1425 686 1491 coniectura
706 1428 756 1490 est
774 1423 981 1508 accusatoris,
1004 1424 1070 1490 alia
1088 1425 1195 1493 deien-
1309 1432 1311 1511 1

185 1513 269 1580 ιοιιι
292 1517 458 1580 ettamen
480 1513 648 1598 utriusque
671 1512 843 1597 credibilis,
866 1513 914 1580 sic
930 1512 964 1577 in
983 1513 1174 1579 omnibus'
1152 1537 1194 1581 ιιι
1310 1534 1311 1541 “

184 1603 295 1686 rebus,
326 1624 409 1688 quae
439 1602 626 1669 coniectura
655 1563 848 1689 investigari
878 1600 1043 1686 videntur,
1074 1624 1194 1690 anceps
1210 1621 1238 1663 ιι
1310 1616 1311 1689 j

184 1713 291 1846 :tte
282 1689 587 1865 uerutis
601 1694 711 1845 ”tet
724 1652 1194 1866 &timentum

185 1872 366 1956 magnast
334 1867 478 1933 stultitia
500 1871 551 1933 est
573 1889 685 1932 earum
706 1889 816 1933 rerum
839 1866 916 1932 deos
937 1864 1044 1933 facere
1067 1868 1195 1935 effecto·
1310 1898 1311 1929 ι

133 1972 393 2044 carcamusas
420 1978 528 2022 rerum
554 1977 621 2021 non
644 1976 806 2040 quaerere.
850 1954 901 2021 Τιι
922 1959 1015 2021 uates
1037 1953 1193 2023 Boeotios
1310 2008 1311 2057 ,

165 2008 288 2112 credis
319 2044 481 2110 Lebadiae
517 2043 636 2109 vidisse
671 2065 710 2108 ex
742 2043 905 2145 gallorum
938 2043 1194 2149 gallinaceorum
1208 2063 1238 2106 ro
1310 2042 1311 2109 1

184 2137 283 2200 cantu
304 2132 475 2198 victoriam
499 2153 569 2197 esse
587 2131 824 2216 Thebanorum,
847 2132 923 2233 quia
947 2133 1028 2218 galli
1050 2132 1131 2200 victi
1153 2134 1193 2200 si·
1310 2194 1311 2215 ,

184 2222 251 2288 lere
274 2222 426 2303 solerent,
402 2224 563 2286 tcanere
581 2219 729 2286 victores.
764 2219 837 2285 Hoc
854 2219 957 2306 igitur
974 2243 1034 2308 per
1051 2221 1193 2309 gallinas
1310 2220 1311 2313 1

183 2309 296 2396 Iuppit
297 2331 332 2374 er
353 2271 427 2374 tani
429 2330 467 2373 ae
489 2308 613 2374 civitat
603 2330 615 2372 1
633 2307 764 2394 signum
783 2308 904 2374 dabat?
940 2308 995 2373 An
1011 2309 1089 2376 illae
1107 2333 1194 2396 aves,
1310 2328 1311 2333 ’

184 2398 248 2463 nisi
271 2420 345 2465 cum
366 2397 526 2481 vioenmt,
548 2418 663 2462 canere
684 2418 752 2462 non
773 2396 902 2463 solent?
939 2397 1079 2464 Attum
1102 2422 1193 2466 caue
1310 2398 1312 2463 1

184 2489 265 2554 bant
291 2508 351 2553 nec
377 2485 530 2552 vicerant.
570 2484 609 2549 Id
635 2484 723 2550 enim
751 2489 816 2571 est,
846 2485 987 2572 inquies,
1018 2491 1238 2554 ostentamus

183 2575 341 2662 Magnum
358 2576 450 2641 uerot
469 2573 563 2659 quasi
580 2573 693 2659 pisces,
710 2595 778 2640 non
791 2574 873 2661 galli
885 2574 1073 2641 cecinerint!
1101 2574 1194 2653 Quod

184 2669 295 2730 autem
321 2666 373 2729 est
399 2667 542 2748 tempus,
570 2684 634 2748 quo
657 2662 795 2728 illinon
817 2665 962 2746 cantent,
989 2665 1041 2730 vel
1063 2669 1194 2731 noetur-

182 2775 262 2818 num
284 2753 337 2819 vel
356 2751 528 2817 diurnum?
559 2749 681 2827 Quodsi
699 2750 765 2816 vict
750 2755 839 2817 tores
857 2751 1027 2818 alacritate
1046 2756 1080 2818 et
1099 2755 1193 2839 quasi

183 2841 288 2911 laetit'
279 2864 311 2907 ra
264 2841 375 2906 ιιιι
397 2839 575 2906 canendum
598 2840 794 2925 excitantur,
818 2839 926 2925 potuit
949 2839 1104 2908 accidisse
1127 2842 1194 2908 elia

130 2944 165 2995 ιι
185 2952 313 3033 quoque
340 2928 481 3013 laetItia,
508 2949 573 3012 qua
597 2927 639 2993 ad
661 2932 792 2993 cantum
815 2932 1030 2994 moverentur.
1074 2929 1193 2998 Demo
1208 2948 1239 2991 ιι
1310 2992 1311 3003 ,

183 3019 284 3085 oritus
317 3017 446 3102 quidem
479 3015 632 3168 optumis
651 3016 759 3081 verbis
792 3036 923 3117 oausam
950 3017 1104 3103 explicat,
1137 3041 1193 3086 cur
1310 3072 1311 3097 ,

183 3112 260 3173 ante
281 3107 386 3171 lucem
409 3105 491 3192 galli
513 3107 645 3170 canant·
638 3104 808 3205 ,depulso
836 3103 922 3169 enim
945 3105 984 3170 de
1006 3115 1138 3191 pectore
1160 3112 1194 3173 e

182 3195 219 3260 in
240 3214 335 3261 omne
357 3213 475 3277 corpus
498 3192 602 3258 diviso
624 3195 658 3257 et
680 3196 740 3257 ιιιιι
716 3192 850 3259 tifioato
873 3192 945 3259 cibo
964 3199 1078 3261 cautus
1100 3196 1194 3262 edere
1310 3230 1311 3263 ι

184 3282 292 3366 quiete
314 3280 469 3366 satiat0s3
491 3280 695 3367 quiquidem
714 3279 891 3347 silentio
911 3282 1069 3371 noctis',
1090 3285 1194 3351 utait
1310 3304 1312 3321 '

184 3368 319 3454 Ennius,
1207 3389 1237 3433 ιι
1310 3376 1311 3379 ’

454 3456 634 3523 ,ιιιιιιι
654 3453 834 3522 faucibus
857 3456 981 3522 russis

315 3506 441 3611 danic
454 3511 680 3634 'plausuque
703 3547 882 3630 premunt
905 3545 998 3611 alas.
