2630 3904
198 202 241 266 38
505 200 555 254 DE
573 201 725 256 NATURA
743 200 898 256 DEORUM

147 357 196 406 102
212 345 352 411 omnino.
397 343 491 410 Nihil
512 345 622 430 habet,
645 345 762 430 inquit,
784 345 918 433 negotii.
959 346 1110 413 Profecto
1133 347 1217 433 Epi·

137 377 149 518 1
198 455 294 500 eurus
317 434 411 518 quasi
432 434 679 535 puerQi
700 435 784 500 nihil
807 435 987 501 cessatione
1011 436 1128 502 melius
1149 438 1216 502 exi·

145 522 321 591 3111111.
370 522 418 587 At
448 522 511 607 ipsi
548 525 660 588 tamen
690 523 797 609 pueri,
834 524 934 589 etiam
965 546 1039 589 cum
1071 529 1216 608 cessant,

150 642 152 653 ⁴
198 611 428 677 exercitatione
452 611 563 695 aliqua
586 611 949 695 1111111111111111111,
977 612 1073 678 deum
1096 613 1145 679 sio
1168 613 1215 678 fe-

197 698 319 764 riatum
341 700 492 765 volumus
514 700 695 765 cessatione
718 703 861 784 torpere,
883 704 935 784 ut,
957 701 987 765 si
1010 722 1045 766 se
1068 724 1215 767 commo
1240 716 1252 756 ⁵

142 856 145 867 ,
197 788 294 872 verit,
327 809 509 870 vereamur,
540 809 582 852 ne
613 789 729 854 beatus
756 810 826 853 esse
852 810 919 854 non
945 790 1073 875 possit?
1118 789 1215 856 Haec

138 872 143 939 j
197 877 302 942 oratio
324 898 392 941 non
414 876 510 941 modo
534 876 610 943 deos
635 877 757 961 spoliat
779 880 872 943 motu
892 881 925 943 et
943 878 1071 944 actione
1090 878 1214 963 divina,

139 993 144 1033 r
198 965 376 1030 sedetiam
399 964 546 1031 homines
569 965 683 1031 inertis
706 965 819 1049 efficit,
843 966 1002 1050 siquidem
1026 988 1128 1052 agens
1154 968 1214 1032 ali-

195 1053 275 1143 quid
296 1074 337 1118 ne
361 1052 439 1118 deus
463 1052 592 1138 quidem
615 1075 685 1118 esse
708 1055 824 1119 beatus
846 1058 966 1139 potest.

147 1152 195 1200 103
263 1141 387 1206 Verum
410 1142 454 1206 sit
472 1163 558 1226 sane,
580 1147 618 1207 ut
636 1142 746 1224 vultis,
769 1142 847 1208 deus
866 1143 993 1230 effigies
1011 1143 1157 1209 hominis
1178 1148 1213 1209 et
1227 1160 1250 1198 10

197 1230 319 1316 imag03
352 1230 438 1314 quod
466 1231 534 1295 eius
562 1234 612 1296 est
639 1230 860 1296 domicilium?
892 1254 976 1316 quae
1003 1232 1118 1297 sedes?
1154 1233 1213 1318 qui

196 1318 310 1384 locus?
334 1340 416 1404 quae
437 1298 782 1385 11111111116111111
806 1320 922 1404 quibus
940 1321 1048 1405 rebus,
1069 1320 1103 1385 id
1123 1322 1212 1406 quod

197 1407 311 1492 vultis,
334 1409 448 1473 beatus
473 1408 544 1473 est?
575 1411 688 1473 utatur
710 1407 796 1473 enirn
819 1409 886 1474 suis
908 1408 1004 1474 bonis
1027 1414 1160 1495 oportet
1181 1416 1212 1474 ct

196 1494 338 1580 fruatur,
366 1496 422 1582 qui
447 1496 563 1561 beatus
589 1496 718 1562 futurus
745 1500 805 1562 est.
849 1495 936 1563 Nam
962 1497 1053 1563 locus
1078 1499 1210 1582 quidem

197 1585 237 1649 iis
252 1586 352 1650 etiam
365 1584 501 1669 naturis,
515 1607 597 1670 quae
612 1585 681 1651 sine
697 1585 813 1650 animis
828 1589 913 1670 sunt,
936 1608 1013 1650 suus
1027 1591 1078 1651 est
1092 1588 1209 1672 cuique
1223 1604 1251 1642 1⁵>

196 1673 357 1758 proprius,
380 1678 417 1738 ut
439 1677 528 1738 terra
550 1673 698 1740 infimum
716 1678 836 1758 teneat,
858 1673 942 1740 hanc
960 1675 1095 1740 inundet
1114 1698 1210 1761 aqua,

198 1762 344 1846 superior
365 1764 442 1846 1111,
465 1762 620 1827 aetheriis
637 1762 769 1849 ignibus
788 1762 950 1828 altissima
968 1785 1027 1829 ora
1043 1764 1209 1829 reddatur.

197 1850 381 1916 Bestiarum
401 1853 510 1915 autem
528 1854 676 1916 terrenae
695 1855 770 1916 sunt
789 1851 881 1935 aliae,
899 1852 1022 1937 partim
1036 1853 1208 1936 aquatiles,

197 1938 281 2004 aliae
312 1938 406 2023 quasi
435 1938 592 2023 ancipites
618 1939 654 2003 in
680 1942 817 2024 utraque
841 1938 916 2004 sede
937 1940 1098 2024 viventes3
1130 1946 1207 2006 sunt

197 2026 355 2112 quaedam
373 2026 482 2109 etiam,
501 2049 582 2110 quae
600 2027 676 2113 igne
689 2029 779 2093 nasci
793 2031 949 2114 putentur
963 2035 1206 2115 appareantque
1220 2046 1245 2086 ²⁰

146 2126 196 2175 104
209 2116 244 2179 in
263 2114 450 2180 ardentibus
468 2114 655 2180 fornacibus
673 2137 769 2201 saepe
786 2117 973 2182 volitantes.
1006 2116 1132 2194 Quaero
1147 2119 1207 2206 igi·

197 2208 263 2286 tur,
296 2207 404 2268 vester
436 2203 514 2269 deus
545 2205 687 2290 primum
719 2205 776 2270 ubi
806 2205 947 2290 habitet,
979 2205 1092 2272 deinde
1123 2230 1205 2292 quae

197 2314 294 2363 11111
317 2314 391 2357 eum
412 2292 484 2358 loco
508 2297 651 2377 moveat,
678 2294 707 2358 si
730 2293 826 2359 modo
849 2298 998 2361 movetur
1021 2295 1205 2380 aliqnando,

196 2402 309 2466 porro,
331 2402 405 2446 eum
427 2381 499 2447 hoo·
511 2382 680 2468 proprium
704 2383 748 2446 sit
771 2382 999 2468 animantium,
1022 2387 1060 2449 ut
1082 2384 1204 2469 aliquid

197 2469 362 2555 adpetant,
385 2470 472 2555 quod
494 2469 538 2536 sit
560 2475 696 2536 naturae
720 2472 1008 2556 accommodatum,
1030 2472 1108 2538 deus
1129 2474 1203 2558 quid
1217 2489 1241 2530 2⁵

197 2561 341 2644 appetat,
359 2559 400 2624 ad
419 2581 517 2644 quam
536 2559 672 2643 denique
690 2580 758 2623 rem
777 2563 869 2625 motu
887 2561 1006 2626 mentis
1027 2583 1064 2626 ac
1078 2563 1203 2627 ratione
1301 2622 1302 2637 ,

196 2651 323 2730 utatur,
353 2651 520 2734 postremo
553 2669 616 2732 quo
649 2647 744 2713 modo
776 2649 892 2714 beatus
925 2649 981 2733 sit,
1013 2672 1077 2734 quo
1107 2651 1202 2716 modo
1301 2698 1302 2721 r

197 2740 356 2802 aeternus.
403 2735 562 2821 Quicquid
589 2735 675 2800 enim
697 2736 814 2802 horum
838 2737 1002 2822 attigeris,
1029 2738 1122 2804 ulcus
1146 2744 1201 2805 est.
1301 2784 1302 2797 2

195 2823 249 2889 Ita
275 2825 361 2891 male
387 2825 540 2889 instituta
566 2825 651 2890 ratio
680 2825 802 2890 exitum
829 2825 971 2910 reperire
997 2848 1063 2892 non
1085 2831 1201 2913 potest.

144 2923 195 2974 105
210 2910 263 2979 Sic
281 2913 367 2979 enim
388 2912 526 2996 dicebas,
545 2913 684 2998 speciem
703 2913 754 2979 dei
772 2914 895 3001 percipi
912 2915 1120 3002 cogitatione,
1138 2938 1203 2981 non
1215 2931 1239 2971 ³⁰

197 3023 302 3086 sensu,
323 3023 383 3067 neo
401 3022 472 3067 esse
489 3001 525 3066 in
543 3023 582 3066 ea
599 3002 701 3067 ullam
720 3002 930 3088 soliditatem,
946 3025 1051 3089 neque
1069 3005 1201 3070 eandem
1301 3032 1302 3069 1

196 3090 238 3156 ad
263 3111 434 3155 numerum
460 3111 662 3175 permanere,
690 3112 825 3175 eamque
852 3112 923 3157 esse
946 3093 1014 3158 eius
1037 3093 1201 3172 visionem,
1301 3090 1302 3117 ¹

196 3181 233 3244 ut
256 3177 468 3242 similitudine
491 3183 525 3243 et
546 3178 740 3244 transitione
763 3184 926 3264 cernatur,
948 3202 1053 3266 neque
1076 3182 1201 3248 deficiat

195 3287 351 3349 umquam
373 3289 412 3331 ex
434 3267 570 3332 infinitis
594 3267 784 3353 corporibus
807 3269 963 3334 similium
986 3271 1141 3355 accessio,
1164 3293 1201 3335 ex

197 3375 298 3439 eoque
324 3354 409 3437 fieri,
440 3359 478 3421 ut
504 3355 538 3420 in
564 3355 645 3422 haec
671 3356 798 3421 intenta
822 3379 914 3422 mens
935 3362 1050 3424 nostra
1072 3360 1199 3424 beatam
1212 3372 1238 3415 ³⁶

141 3442 288 3509 38111111
309 3446 461 3510 naturam
484 3447 518 3509 et
540 3445 771 3530 sempiternam
793 3448 896 3530 putet.
933 3445 1014 3531 Hoc,
1037 3469 1096 3532 per
1113 3447 1198 3532 ipsos

197 3529 286 3611 deos,
313 3530 352 3595 de
380 3533 497 3617 quibus
521 3532 699 3617 loquimur,
726 3535 821 3616 quale
845 3533 976 3599 tandem
999 3536 1071 3600 est?
1116 3533 1198 3601 Nam
