2654 3924
495 206 571 263 GAP.
592 214 669 262 1-3.
693 213 708 269 ,t
729 212 804 262 1-5,
1094 207 1160 270 253
1203 205 1213 226 '

152 350 296 416 tionibus
329 351 580 417 consumebatur
609 350 729 434 oratio,
761 349 858 435 idque
889 354 923 415 ct
954 372 1051 436 saepe
1078 350 1160 416 alias

152 442 185 504 11
213 438 352 523 quodam
380 438 544 523 liberiore,
574 461 672 524 quam
699 439 839 522 solebat,
869 442 903 503 et
930 439 1036 526 magis
1058 462 1160 505 vacuo

153 528 194 592 ab
212 526 489 592 interventoribus
509 527 568 611 die,
588 550 661 593 cum
681 526 720 592 ad
740 549 791 592 me
810 527 866 591 ille
885 528 1037 612 venisset,
1055 528 1161 614 primo

153 639 205 700 ea,
230 638 316 700 quae
339 620 432 681 erant
455 615 619 682 cotidiana
641 619 674 680 et
699 614 792 700 quasi
814 615 963 700 legitima
985 616 1095 702 nobis,
1122 616 1161 681 de

126 723 232 790 space
255 708 289 769 et
312 704 351 769 de
374 704 450 770 otio.
679 768 681 772 .

219 791 343 867 Quibus
366 794 449 858 actis
472 790 556 868 Quid
579 792 680 877 crgo?
701 791 809 876 inquit
830 792 896 878 ille,
919 793 1074 877 quoniam
1092 771 1201 897 ora-3

152 882 254 946 terias
270 882 515 947 exercitationes
528 903 595 946 non
607 884 645 945 tu
659 881 799 965 quidem,
816 885 853 946 ut
868 903 972 967 spero,
990 881 1162 966 reliquisti,

154 971 209 1034 sed
241 972 328 1034 certe
357 968 600 1055 philosophiam
630 969 696 1034 illis
727 970 955 1055 anteposuisti,
986 991 1161 1056 possumne

153 1058 276 1143 aliquid
299 1058 431 1123 audire?
468 1057 518 1123 Tu
540 1080 631 1142 vero,
657 1056 804 1143 inquam,
832 1059 884 1123 vel
907 1058 1018 1123 audire
1040 1060 1093 1124 vel
1116 1058 1161 1123 di-

116 1167 140 1205 11
154 1169 238 1230 cere3
265 1169 324 1212 nec
347 1147 442 1232 enim,
464 1146 498 1211 id
521 1145 606 1231 quod
629 1146 915 1231 recteexistimas,
937 1146 1081 1213 oratoria
1103 1147 1163 1212 illa
1268 1138 1279 1167 l

154 1236 262 1300 studia
291 1235 430 1319 deserui,
460 1235 577 1320 quibus
607 1235 707 1299 etiam
734 1238 768 1300 te
795 1234 935 1319 incendi,
964 1257 1161 1320 quamquam

154 1324 452 1410 flagrantissumum
474 1345 671 1410 acceperam,
692 1345 751 1389 nec
774 1345 821 1408 11,
844 1345 925 1407 quae
943 1346 1029 1390 nunc
1045 1328 1162 1408 tracto,

154 1414 316 1496 minuunt,
344 1413 400 1477 sed
427 1416 549 1498 augent
574 1411 684 1498 potius
711 1412 804 1476 illam
830 1412 1030 1478 facultatem.
1075 1412 1161 1477 Nam

154 1524 228 1568 cum
245 1501 307 1566 hoc
325 1521 442 1585 genere
461 1500 698 1586 philosophiae,
717 1500 803 1585 quod
820 1522 881 1565 nos
900 1501 1073 1586 sequimur,
1096 1524 1161 1566 1111-

116 1609 140 1649 11
156 1613 254 1677 gisam
281 1589 382 1654 habet
405 1593 516 1654 orator
539 1590 742 1672 societatem,
771 1589 989 1654 subtilitatem
1012 1590 1097 1655 enim
1121 1591 1162 1655 ab

155 1679 331 1744 Academia
359 1682 528 1743 mutuatur
558 1682 592 1742 ct
620 1676 651 1742 ei
677 1676 821 1742 vicissim
848 1677 953 1742 reddit
980 1678 1163 1743 ubertatem

155 1767 312 1834 orationis
345 1771 378 1831 et
405 1768 596 1831 ornamenta
623 1765 757 1831 dicendi.
802 1765 906 1842 Quam
935 1766 976 1832 ob
1004 1788 1086 1851 rem,
1116 1767 1163 1831 in·

156 1879 266 1940 quam,
290 1855 444 1939 quoniam
466 1854 635 1939 utriusque
658 1854 758 1918 studii
780 1858 895 1920 nostra
916 1856 1080 1939 possessio
1104 1859 1163 1938 est,

155 1945 264 2027 hodie,
286 1949 362 2009 utro
389 1942 455 2007 frui
482 1942 593 2027 malis,
622 1944 713 2028 optio
737 1942 781 2007 sit
803 1947 870 2008 tua.
915 1942 999 2008 Tum
1021 1943 1163 2008 Hirtius:

116 2050 142 2091 to
156 2033 405 2116 Gratissumum,
428 2032 543 2117 inquit,
566 2035 599 2096 11
621 2035 751 2097 tuorum
774 2032 919 2097 omnium
937 2031 1057 2117 simile,
1079 2032 1162 2097 nihil

155 2122 241 2187 enim
268 2143 423 2206 umquam
449 2120 565 2186 abnuit
586 2141 659 2185 meo
681 2119 789 2185 studio
812 2119 965 2185 voluntas
988 2124 1054 2185 tna.
1100 2118 1199 2185 Sedt

156 2210 309 2295 quoniam
332 2209 494 2276 rhetorica
516 2207 597 2273 mihi
619 2212 729 2274 vestra
751 2212 828 2273 sunt
850 2213 930 2273 nota
951 2212 1048 2293 teque
1068 2208 1104 2274 in
1121 2208 1163 2274 iis

156 2304 190 2363 et
213 2298 393 2364 audivimus
416 2319 512 2383 saepe
535 2301 568 2361 et
591 2297 758 2362 audiemus
782 2302 879 2381 atque
897 2296 982 2362 hanc
995 2297 1163 2363 Academi·

156 2410 267 2453 corum
300 2391 414 2451 contra
443 2385 648 2471 propositum
680 2385 868 2471 disputandi
900 2386 1162 2453 consuetudinem

116 2492 142 2533 2⁵
155 2476 300 2540 indicant
318 2479 351 2539 te
370 2475 549 2560 suscepisse
563 2473 762 2539 Tusculanae
781 2474 1027 2559 disputationes,
1044 2496 1163 2559 ponere

158 2563 294 2647 aliquid,
321 2562 363 2627 ad
391 2563 475 2646 quod
503 2562 646 2647 audiam,
673 2563 702 2626 si
729 2562 791 2626 tibi
818 2585 884 2627 non
906 2566 957 2627 est
978 2563 1162 2645 molestum,

156 2652 241 2716 volo,
284 2650 338 2715 An
360 2650 454 2734 mihi,
477 2649 622 2735 iuquam,
644 2654 755 2735 potest
777 2650 949 2734 quicquam
972 2672 1042 2716 csse
1066 2652 1162 2716 mole·

158 2744 254 2822 stum,
277 2738 363 2822 quod
385 2739 446 2803 tibi
470 2744 600 2824 gratum
622 2738 769 2804 futurum
790 2739 856 2803 sit?
888 2737 951 2803 Sed
972 2739 1021 2804 111
1044 2739 1164 2824 111111,

158 2832 194 2892 ut
210 2827 393 2893 Romanum
411 2827 585 2912 hominem,
604 2830 641 2892 ut
658 2826 771 2891 timide
789 2827 1024 2912 ingredientem
1042 2827 1164 2893 adhoc

117 2931 144 2973 ³0
158 2937 260 3002 genus
284 2915 482 3001 disputandi,
504 2919 541 2980 ut
564 2916 663 3001 longo
686 2917 860 2981 intervallo
883 2916 963 2982 hacc
986 2915 1095 2981 studia
1116 2938 1163 2981 re-

157 3008 330 3090 petentem.
369 3003 435 3086 Ita,
460 3003 579 3088 inquit,
602 3003 731 3068 audiam
753 3008 787 3069 te
810 3004 1043 3090 disputantem,
1065 3008 1103 3069 ut
1125 3027 1164 3070 11

158 3096 242 3181 lego,
265 3114 348 3178 quac
366 3093 534 3195 scripsisti.
553 3092 704 3195 proinde
723 3092 837 3196 ordire.
870 3091 1083 3201 Considamus
1102 3093 1163 3194 hic.
1184 3192 1190 3208 ,

157 3203 494 3355 cruristhltd
508 3182 600 3335 dh
615 3185 716 3335 dt
731 3180 1199 3355 tgltssltdttbltssb

117 3373 143 3417 ³⁶
157 3364 194 3423 ut
216 3359 251 3425 in
272 3360 374 3445 urina,
396 3363 435 3424 ut
456 3358 491 3424 in
513 3358 685 3445 unguibus,
708 3362 745 3423 ut
767 3359 800 3422 in
824 3358 958 3442 reliquis
979 3359 1163 3441 eiusmodi,

156 3455 293 3513 naturae
319 3447 472 3535 contagio
498 3448 601 3532 valet,
628 3469 726 3532 quam
749 3467 809 3532 ego
832 3469 899 3512 non
920 3446 1017 3530 tollo,
1039 3447 1090 3513 111
1113 3452 1164 3512 111

156 3538 248 3602 nulla
278 3536 405 3619 fatalis,
436 3537 471 3601 in
498 3536 573 3602 aliis
600 3541 710 3602 autem
739 3535 877 3601 fortuita
905 3534 1063 3616 quaedam
1092 3556 1163 3600 esse

1185 3151 1203 3211 t
