2654 3924
180 223 246 287 334
534 221 583 276 DE
601 222 651 276 RE
669 221 825 277 PUBLIce

179 372 249 436 bus.
284 368 393 433 Pluris
416 388 493 433 vero
516 366 596 433 haec
619 367 697 432 tulit
719 389 785 432 una
806 368 937 453 civitas,
961 368 990 433 ιι
1011 367 1119 433 minos
1143 390 1201 434 sa·

178 459 312 545 pientis,
339 456 493 542 quoniam
520 455 554 521 id
580 477 699 521 nomen
725 457 776 521 illi
803 461 873 522 tarn
895 456 1046 522 restricte
1068 460 1200 537 tenent,

178 552 214 613 ιι
245 551 332 612 certe
364 566 492 610 summa
521 544 616 610 laude
647 544 778 631 dignos,
810 545 964 630 quoniam
994 544 1199 630 sapientium

178 638 352 722 praecepta
382 637 416 698 et
444 634 578 698 inventa
604 633 783 698 coluerunt.
829 634 939 718 Atque
967 633 1081 718 etiam,
1110 638 1198 718 quot

177 753 205 805 p
215 726 264 805 ιι]
284 726 318 788 οι
341 726 417 787 sunt
439 721 669 786 laudandae
642 721 792 787 civitates
811 726 844 788 et
862 722 1003 805 fuerunt,
1026 685 1196 825 qublniarn
1228 743 1244 783 s

177 814 210 879 id
233 812 340 878 estin
363 832 471 875 rerum
494 813 552 874 nat
553 832 614 874 ura
635 810 733 897 longe
756 810 891 876 maximi
913 773 1050 894 consilii,
1073 811 1198 877 consti·

177 907 268 967 tuere
296 921 368 964 eam
395 920 465 963 rem
492 898 672 1000 publicam,
700 921 783 983 quae
806 899 914 985 possit
935 921 1006 966 esse
1030 861 1100 964 diut
1085 903 1196 981 t,uma

177 992 205 1055 si
229 988 376 1075 singulos
399 1007 605 1052 numeremus
629 988 664 1051 in
687 987 843 1074 singulas,
866 988 1079 1073 quantarum
1101 1010 1195 1074 repe-

177 1080 281 1144 riatur
312 1076 458 1141 virorum
491 1076 718 1140 excellentium
750 1077 942 1142 multitudo!
979 1074 1102 1151 Quodsi
1133 1081 1196 1143 aut

176 1167 293 1232 Italiae
324 1163 456 1229 Latium
493 1167 550 1229 aut
582 1163 726 1229 eiusdem
757 1161 914 1230 Sabinam
946 1169 1004 1230 eut
1034 1163 1194 1230 Volscam
1210 1185 1242 1227 ιο

200 1259 321 1337 entem,
349 1253 378 1318 si
401 1250 583 1337 Samnium,
611 1253 639 1317 si
661 1253 844 1336 Etruriam,
867 1255 896 1318 si
919 1274 1075 1340 magnam
1098 1255 1194 1320 illam

176 1277 347 1410 draccum
370 1342 572 1408 conlustrare
591 1341 699 1406 animo
718 1342 928 1426 voluerimus,
950 1342 979 1407 si
998 1342 1112 1408 deinde
1131 1343 1194 1408 As·

176 1433 290 1518 syrios,
313 1432 342 1498 si
363 1429 490 1515 Persas,
513 1430 542 1494 si
563 1429 700 1513 Ροοιιοι,
724 1432 753 1495 ιι
774 1430 870 1497 haec.
929 1481 937 1496 .

381 1571 583 1653 [Deciderant
583 1593 623 1636 ιν
639 1573 778 1655 popinae
799 1575 980 1656 duodecim]

137 1667 202 1793 ⁵p
218 1700 266 1780 21]
341 1695 497 1762 ....οιιι.
542 1694 588 1759 Et
614 1694 742 1760 Philus:
774 1695 982 1762 Praeclaram
1011 1719 1089 1763 vero
1117 1721 1192 1765 cau·

175 1810 245 1853 sam
269 1787 310 1851 ad
333 1807 384 1850 me
403 1784 547 1867 defertis,
569 1805 641 1849 cum
661 1806 713 1848 me
730 1784 953 1870 improbitatis
972 1787 1191 1871 patrocinium
1206 1806 1237 1845 ιο

175 1876 338 1960 suscipere
360 1872 469 1939 voltis.
507 1872 611 1956 Atqui
632 1872 666 1936 id
689 1873 750 1938 tibi
755 1874 894 1958 ,inquit
916 1872 1056 1959 Laelius,
1078 1897 1190 1940 veren-

175 1966 251 2030 dum
275 1967 338 2045 est,
361 1962 390 2026 si
413 1984 451 2026 ea
474 1961 602 2045 oneris,
626 1983 708 2045 quae
732 1966 846 2027 contra
868 1962 972 2028 iustit'
948 1967 1029 2028 ιιιιιι
1054 1963 1115 2029 diei
1139 1986 1190 2030 so-

175 2055 258 2135 lent,
288 2074 329 2116 ne
363 2050 409 2115 sic
437 2049 537 2114 etiam
566 2050 686 2114 sentire
713 2050 855 2135 videare,
883 2072 957 2116 cum
985 2055 1018 2117 et
1044 2052 1114 2137 ipse
1141 2054 1189 2118 ιιι

175 2140 269 2227 quasi
295 2138 427 2204 unicum
454 2138 638 2223 exemplum
666 2139 820 2223 antiquae
848 2140 1024 2224 probitatis
1053 2145 1086 2205 et
1112 2142 1190 2207 fidei

173 2252 214 2295 ne
216 2251 278 2314 que
306 2227 350 2291 sit
376 2226 493 2313 ignota
520 2226 718 2292 consuetudo
740 2232 798 2292 tua
821 2228 1035 2293 contrarias
1025 2251 1061 2294 ιιι
1082 2231 1188 2316 partis
1202 2249 1232 2290 ιο

175 2252 365 2399 disqsercmdi,
397 2315 484 2399 quod
510 2315 559 2379 ita
584 2314 750 2380 facillume
777 2338 890 2382 verum
916 2315 1056 2382 inveniri
1083 2323 1188 2403 putes.

174 2436 202 2488 p
221 2407 270 2486 ιι]
297 2404 343 2469 Et
364 2402 493 2468 Philus:
524 2403 608 2468 Heia
634 2426 725 2489 vero,
755 2405 875 2489 inquit,
905 2427 1018 2492 geram
1038 2406 1043 2489 Ι
1063 2429 1187 2473 morem

174 2495 268 2562 vobis
288 2497 321 2559 et
339 2515 390 2558 me
409 2492 553 2557 oblinam
573 2492 691 2578 seiens3
714 2495 981 2579 quodquoniam,
1000 2495 1056 2579 qni
1072 2518 1187 2562 aurum

176 2586 343 2670 quaerunt,
365 2604 432 2647 non
449 2585 568 2666 putant
553 2581 650 2646 tsibi
668 2582 889 2666 recusandum,
912 2604 982 2667 nos,
1005 2605 1079 2650 oum
1096 2584 1187 2650 iusti-

174 2675 255 2739 tiam
279 2692 482 2756 quaeramus,
505 2691 574 2734 rem
597 2671 681 2734 mult
667 2674 701 2735 ιο
721 2671 810 2736 omni
829 2693 908 2737 auro
926 2671 1094 2757 cariorem,
1117 2675 1186 2738 nul·
1201 2692 1229 2732 ιι

174 2764 241 2828 lam
269 2759 416 2847 profecto
445 2759 573 2823 molest'
549 2764 630 2823 tram
656 2758 770 2846 fugere
793 2759 956 2825 debemus
993 2723 1103 2845 Atque
1125 2763 1186 2827 uti·

173 2874 264 2934 nam,
294 2871 390 2934 quem
421 2847 462 2912 ad
488 2846 620 2912 modum
648 2848 796 2914 oratione
824 2869 896 2913 sum
923 2871 1040 2914 usurus
1071 2849 1186 2934 aliena,

175 2941 221 3004 sio
244 2901 326 3003 ririhi
348 2958 404 3001 ore
426 2935 476 3001 uti
498 2935 611 3000 liceret
633 2935 752 3001 alieno!
785 2935 880 3002 Nunc
902 2959 941 3002 ea
959 2937 1094 3004 dicende
1111 2902 1186 3004 sunl

174 3027 209 3094 L.
239 3025 338 3092 Furio
368 3024 478 3108 Philo,
511 3045 594 3109 quae
624 3022 819 3109 Carneades,
852 3023 994 3092 Graecus
1025 3026 1123 3093 homo
1153 3035 1187 3093 et

175 3119 356 3198 consuetus,
380 3112 467 3198 quod
488 3113 694 3178 commodum
716 3117 811 3198 esset,
833 3112 956 3179 verbis.
971 3165 979 3180 .
994 3164 1023 3181 ..
1200 3135 1228 3178 eo

331 3253 527 3337 [Desiderari
549 3255 690 3320 ιιιιιιιιι
705 3256 844 3338 papiaoc
864 3259 1032 3338 ιιιιιιιον]

141 3390 158 3441 ι
243 3379 291 3444 Μ.
313 3377 437 3442 Tollius
458 3378 496 3442 de
516 3398 551 3442 re
566 3378 652 3459 publ.
676 3378 726 3442 lab
676 3376 799 3442 ltH
822 3381 859 3442 ιιι
878 3377 1037 3444 Carneadi
1055 3403 1186 3466 respon·

176 3466 261 3530 deat
237 3470 290 3549 t,1s
313 3465 369 3549 qui
392 3485 489 3548 saepe
513 3465 653 3549 optimas
677 3486 791 3530 causas
813 3466 936 3552 ingenii
959 3469 1122 3534 calumnia
1139 3471 1186 3536 lu-

176 3516 300 3619 dificaii
323 3552 416 3616 solet.
452 3551 644 3635 (Nooiuep.
666 3557 739 3619 263.
762 3558 803 3616 14
804 3554 827 3631 .)
