2654 3924
380 219 448 274 ΜΒ.
468 219 503 276 11.
528 219 603 274 cnP.
625 226 738 276 10-13.
761 226 777 286 s
797 226 909 276 1845.
1079 221 1145 285 313

137 385 203 450 qua
224 363 392 430 civitatem
415 367 578 430 extrueret
600 364 764 429 arbitratu
783 385 851 449 suo,
873 366 1074 450 praeclaram
1091 364 1147 430 ille

137 452 268 538 quidem
290 452 442 537 fortasse,
464 451 522 518 sed
544 474 565 518 a
586 452 657 518 vita
678 452 848 518 hominum
867 452 1095 518 abhorrentem
1113 457 1147 518 et

137 540 293 627 moribus,
310 541 429 626 reliqui
447 540 669 606 disseruerunt
686 540 756 606 sine
774 541 843 607 ullo
862 543 951 606 certo
970 541 1147 626 exemplari
1165 556 1200 606 aa

88 672 94 681 κ
136 628 306 714 formaque
333 629 382 695 rei
407 629 557 715 publicae
586 628 625 695 de
651 629 824 716 generibus
847 629 942 695 etde
965 629 1148 695 rationibus

110 718 324 803 scivitatum3
354 721 393 783 tu
423 718 505 783 mihi
536 717 656 783 videris
687 722 861 802 utrumque
890 718 1051 802 facturus,
1082 739 1117 782 es
1143 715 1147 803 1

138 805 224 872 enim
247 807 296 872 ita
318 806 499 893 ingressus,
520 809 572 890 ut,
595 828 678 892 quac
699 807 771 892 ipse
793 806 951 892 reperias,
973 806 1030 870 tri·
1053 807 1096 888 [p.
1113 821 1147 871 82

137 894 236 960 buere
264 895 339 960 aliis
365 894 602 980 malis-quam,
628 898 666 960 ut
686 894 766 960 facit
789 894 876 980 apud
897 894 1070 961 Platonem
1093 891 1149 960 So·

112 987 258 1069 crates,
285 983 356 1069 ipse
382 983 506 1070 fingere
533 987 567 1047 et
592 983 653 1049 illa
679 983 719 1048 de
746 983 837 1049 urbis
865 983 931 1051 situ
953 1004 1084 1049 revoces
1108 982 1149 1048 ad

138 1073 312 1157 rationem,
339 1093 422 1157 quae
449 1093 469 1137 a
490 1071 632 1137 Romulo
660 1093 737 1137 casu
767 1075 824 1137 aut
845 1072 1039 1138 necessitate
1060 1071 1149 1137 facta

98 1181 125 1222 io
139 1164 230 1245 sunt,
257 1165 291 1226 et
314 1159 459 1246 disputes
482 1181 549 1226 non
570 1160 707 1247 vaganti
729 1160 885 1245 oratione,
908 1159 965 1226 sed
988 1160 1093 1226 defixa
1114 1160 1149 1225 in

138 1271 204 1314 una
220 1270 256 1314 re
273 1249 414 1334 publica
446 1246 552 1323 Quare
569 1270 679 1334 perge,
697 1252 735 1313 ut
752 1248 940 1334 instituisti3
963 1249 1148 1335 prospicere

139 1338 227 1403 enim
252 1338 317 1402 iam
345 1337 458 1403 videor
479 1341 513 1402 te
535 1337 678 1421 reliquos
700 1358 795 1424 reges
817 1342 1032 1422 persequente
1055 1338 1149 1423 quasi

138 1425 317 1513 perfectam
339 1447 409 1490 rem
430 1425 605 1511 publicam.

205 1514 310 1601 Ergo,
336 1514 443 1599 inquit
465 1511 588 1599 Scipio,
611 1537 684 1580 cum
706 1514 764 1579 ille
783 1513 789 1598 Ι
808 1514 942 1580 Romuli
965 1536 1012 1581 se
1035 1516 1076 1596 [p.
1096 1496 1202 1580 28112

100 1625 126 1666 rs
139 1607 250 1688 natus,
272 1602 329 1687 qui
351 1603 525 1668 constabat
547 1625 585 1668 ex
609 1602 837 1688 optimatibus,
860 1603 978 1688 quibus
999 1602 1070 1688 ipse
1092 1625 1149 1667 rex
1167 1575 1202 1624 ²³

139 1696 269 1756 tantum
296 1691 480 1775 tribuisset,
506 1695 544 1755 ut
571 1712 626 1756 eos
653 1694 765 1776 patres
787 1691 888 1757 vellet
909 1690 1073 1756 nominari
1094 1714 1149 1776 pa·

140 1780 315 1865 triciosque
343 1801 455 1845 eorum
482 1779 617 1863 liberos,
644 1783 822 1864 temptaret
844 1783 922 1865 post
943 1779 1076 1844 Romuli
1099 1801 1149 1844 ex-

140 1891 280 1953 cessum,
307 1872 344 1934 ut
365 1868 437 1954 ipse
459 1872 587 1954 regeret
610 1867 679 1932 sine
701 1890 737 1932 re
762 1890 779 1933 e
801 1867 1072 1954 rempublicam,
1095 1889 1150 1952 po·

139 1958 237 2043 pulus
259 1956 293 2021 id
314 1978 381 2022 non
403 1956 481 2021 tulit
504 1956 726 2041 desiderioque
738 1889 878 2022 iiomuli
899 1960 1016 2042 postea
1038 1977 1150 2042 regem

101 2069 127 2109 κο
140 2046 291 2133 flagitare
321 2067 389 2111 non
420 2045 560 2129 destitit,
594 2067 667 2110 curn
698 2044 876 2130 prudenter
906 2044 957 2109 illi
988 2043 1150 2130 principes

139 2157 260 2200 novam
291 2138 325 2200 et
355 2133 535 2199 inauditam
567 2134 683 2199 ceteris
715 2133 869 2220 gentibus
897 2132 1076 2218 interregni
1103 2132 1150 2197 in-

141 2224 238 2289 eundi
260 2222 421 2289 rationem
444 2217 727 2308 excogiltaverunt,
750 2225 796 2305 ut,
820 2221 927 2306 quoad
949 2243 1013 2287 cer·
1037 2223 1078 2303 [p.
1097 2237 1149 2286 282

140 2316 195 2377 tus
226 2333 283 2377 rex
315 2310 498 2377 declaratus
530 2314 630 2395 esset,
660 2331 720 2376 nec
749 2310 820 2375 sine
845 2330 922 2397 rege
949 2310 1066 2376 civitas
1092 2332 1151 2376 nec

142 2400 294 2466 diuturno
320 2420 398 2486 rege
425 2403 512 2464 esset
538 2421 602 2465 uno
625 2421 685 2464 nec
707 2398 979 2482 committeretur,
1006 2402 1044 2464 ut
1067 2399 1152 2484 quis-

101 2509 128 2551 ce
142 2510 241 2573 quarn
267 2488 449 2553 inveterata
475 2490 640 2572 potestate
662 2489 720 2552 aut
742 2487 784 2553 ad
806 2486 1030 2573 deponendum
1051 2485 1152 2573 impe·

142 2576 228 2642 rium
250 2575 374 2640 tardior
397 2579 483 2640 esset
506 2579 563 2640 eut
586 2575 627 2640 ad
650 2575 862 2660 optinendum
880 2575 1044 2641 munitior.
1080 2573 1150 2651 Quo
1170 2587 1204 2639 24

143 2663 273 2749 quidem
304 2667 451 2748 tempore
482 2685 586 2729 novus
612 2663 670 2728 ille
697 2663 837 2749 populus
864 2663 947 2729 vidit
973 2668 1085 2729 tamen
1109 2663 1152 2749 id,

144 2751 230 2837 quod
251 2751 339 2838 fugit
355 2751 645 2817 Lacedaemonium
662 2751 856 2838 Lycurgum,
880 2752 936 2837 qui
957 2774 1069 2838 regem
1085 2774 1152 2818 non

143 2839 349 2926 deligendum
372 2839 472 2924 duxit,
495 2840 524 2904 si
546 2839 642 2906 modo
665 2840 727 2906 hoc
749 2840 784 2905 in
802 2840 944 2927 Lycurgi
965 2839 1150 2928 potestate!

104 2947 130 2988 ro
142 2929 252 3015 potuit
272 2949 352 3013 esse,
374 2929 431 2993 sed
450 2928 644 3012 habendum,
663 2928 907 3014 qualiscumque
924 2930 954 2993 is
971 2928 1018 2995 io·
1038 2931 1079 3012 [p.
1100 2945 1151 2995 283

143 3021 203 3103 ret,
226 3016 282 3102 qui
305 3016 401 3083 modo
423 3021 511 3083 esset
532 3016 683 3083 Herculis
708 3018 810 3103 stirpe
833 3021 1021 3105 generatus3
1046 3019 1153 3084 nostri

142 3106 195 3171 illi
219 3106 414 3172 etiamtum
442 3111 588 3192 agrestes
611 3105 762 3171 viderunt
788 3104 944 3172 virtutem
971 3110 1006 3172 et
1028 3107 1153 3193 sapien·

143 3195 226 3260 tiam
248 3194 402 3281 regalem,
424 3215 491 3259 non
513 3194 702 3281 progeniem
725 3194 837 3278 quaeri
860 3198 1019 3280 oportere.

210 3282 334 3360 Quibus
356 3305 430 3349 cum
453 3304 523 3348 esse
546 3287 767 3368 praestantem
789 3281 932 3349 Numam
954 3283 1152 3370 Pompilium
1164 3255 1205 3382 12}

103 3371 233 3439 assarna
259 3371 372 3456 ferret,
399 3371 639 3457 praetermissis
666 3371 733 3436 suis
760 3369 886 3437 civibus
907 3394 1019 3459 regem
1043 3373 1152 3439 alieni·

145 3483 263 3549 genam
289 3460 439 3547 patribus
462 3461 649 3526 auctoribus
673 3459 829 3545 sibiipsa
851 3462 992 3546 populus
1016 3461 1153 3528 adscivit

145 3571 281 3635 eumque
313 3549 355 3615 ad
387 3549 589 3636 regnandum
617 3547 623 3632 Ι
652 3546 808 3614 Sabinum
839 3549 1003 3615 hominem
1035 3551 1077 3632 [p.
1100 3566 1153 3615 284
