2652 3920
189 222 254 287 214
532 222 582 278 DE
601 222 847 279 DIVINATIONE

188 365 362 451 potuisset,
388 366 478 434 facta
503 389 570 434 non
597 371 692 434 esset.
735 367 844 453 Atque
866 368 929 434 hoe
951 372 1066 435 contra
1088 369 1202 435 omnia
1312 386 1313 395 ¹

188 458 318 520 ostenta
335 456 454 540 valeat,
470 477 659 541 numquam,
677 457 764 542 qnod
779 457 852 522 fieri
869 478 936 522 non
953 457 1108 542 potuerit,
1126 477 1200 524 esse

157 619 158 623 Ἰ
187 542 324 627 factunm
354 543 405 611 sin
426 545 580 630 potuerit,
601 565 668 610 non
691 566 761 611 csse
784 544 976 611 mirandum.
1017 544 1200 612 Causarum
1312 596 1313 623 2

188 631 274 697 enim
300 631 464 718 ignoratio
492 632 527 698 in
553 654 589 699 re
614 655 702 699 nova
727 632 934 700 mirationem
959 633 1053 719 facit3
1085 634 1199 701 eadem
1312 642 1313 685 ἶ

187 719 352 807 ignoratio
376 721 405 786 si
427 721 462 786 in
479 721 577 787 rebus
594 721 726 787 usitatis
745 726 805 806 est,
827 742 894 788 non
911 722 1077 788 miramur.
1110 721 1198 788 Nam
1227 740 1241 780 ⁵
1312 770 1313 787 l

187 809 243 893 qui
265 809 389 876 malam
411 809 575 895 peperisse
598 810 745 895 miratur,
768 810 806 894 is,
830 832 895 895 quo
916 810 1013 877 modo
1036 832 1120 896 equa
1142 833 1199 895 ps·
1312 814 1313 871 l

186 897 260 981 riat,
279 901 336 963 aut
355 897 486 964 omnino
507 919 589 982 quae
606 902 725 964 natura
742 902 877 984 parturn
893 898 1069 965 animantis
1087 898 1198 983 faciat,
1312 948 1313 959 η

186 985 326 1071 ignerat
363 983 428 1051 Sed
448 987 534 1070 quod
551 986 665 1052 crebro
683 986 781 1072 videt,
803 1009 871 1053 non
887 987 1035 1073 miratur,
1058 987 1198 1072 etiamsi,
1312 1020 1313 1073 3

186 1095 243 1139 cur
274 1073 346 1157 fiat,
377 1074 494 1158 nescit3
526 1075 613 1159 quod
640 1079 715 1141 ante
740 1097 808 1141 non
835 1075 931 1160 vidit,
962 1076 996 1141 id
1022 1075 1051 1142 si
1079 1076 1197 1160 evenit,

74 1235 76 1240 ,
187 1165 353 1229 ostentum
389 1183 459 1229 esse
493 1167 611 1230 censet.
656 1163 777 1230 Utrum
809 1164 912 1251 igitur
943 1186 1017 1231 cum
1048 1165 1197 1250 concepit
1212 1183 1239 1222 ιο
1312 1162 1313 1173 ’

135 1261 170 1313 ω
188 1250 277 1316 mula
300 1272 342 1316 an
364 1273 438 1316 cum
455 1252 592 1338 peperit,
615 1256 781 1319 ostentum
799 1253 871 1318 est?
894 1254 1062 1339 conceptio
1080 1257 1197 1319 contra

185 1342 338 1405 naturam
358 1338 508 1424 fortasse,
531 1340 587 1406 sed
608 1345 723 1426 partus
746 1362 848 1426 prope
870 1341 1079 1407 necessarius.

134 1429 177 1496 93
252 1424 314 1494 Sed
338 1428 415 1512 quid
432 1429 549 1513 plura?
573 1433 682 1495 ortum
700 1429 866 1495 videamus
885 1430 1126 1516 haruspicinam
1147 1431 1195 1498 sic
1312 1496 1313 1505 ,

184 1514 358 1600 facillume
377 1517 453 1601 quid
470 1517 591 1583 habeat
605 1517 820 1602 auctoritatis,
836 1517 1060 1584 iudicabimus
1087 1518 1194 1606 Tages
1312 1522 1313 1529 ’

185 1604 317 1689 quidam
345 1604 462 1671 dicitur
489 1605 524 1671 in
547 1627 627 1693 agro
650 1604 891 1692 Tarquiniensi,
917 1628 990 1673 cum
1012 1611 1102 1672 terra
1124 1627 1236 1673 ara-1⁵

184 1697 275 1759 retur
293 1698 326 1759 et
345 1695 453 1760 sulcus
472 1694 571 1761 altius
590 1698 676 1759 esset
694 1694 881 1780 impressus,
899 1695 1047 1762 extitisse
1059 1700 1194 1781 repente
1312 1690 1313 1763 Ῠ

185 1786 218 1847 et
241 1803 315 1848 eum
338 1781 467 1849 adfatus
491 1803 570 1868 esse,
594 1783 651 1867 qui
673 1784 798 1849 arabat.
833 1782 867 1848 Is
891 1787 1000 1849 autem
1018 1782 1134 1871 Tages,
1155 1788 1195 1851 ut
1312 1798 1313 1871 j

184 1869 220 1935 in
242 1870 336 1936 libris
359 1874 409 1936 eat
430 1870 658 1954 Etruscorum,
684 1871 803 1957 puerili
824 1872 931 1957 specie
954 1872 1072 1938 dicitnr
1094 1873 1193 1956 visua

185 1958 242 2025 sed
264 1957 359 2025 senili
379 1958 481 2025 fuisse
503 1959 684 2044 prudentia.
718 1959 799 2025 Eius
820 1961 978 2046 adspectu
1000 1983 1074 2027 cum
1092 1962 1193 2027 obsti·

185 2046 309 2132 puisset
335 2047 494 2113 bubulcus
518 2048 757 2132 clamoremque
781 2048 936 2115 maiorem
959 2071 1032 2115 cum
1055 2049 1192 2117 adrnira-
1206 2070 1234 2110 so
1312 2046 1313 2133 l

184 2135 274 2201 tione
291 2134 453 2219 edidisset,
470 2156 662 2202 concursum
680 2157 750 2202 esse
767 2136 901 2221 factum,
918 2142 1089 2223 totamque
1101 2138 1193 2205 brevi
1312 2140 1313 2213 ᾖ

183 2227 330 2308 tompore
348 2222 383 2289 in
402 2245 475 2290 eum
492 2224 599 2290 locum
612 2224 779 2290 Etruriam
794 2226 995 2310 convenisse,
1013 2231 1085 2292 tum
1097 2227 1192 2293 illum
1312 2232 1313 2255 ¹

183 2311 279 2397 plara
308 2311 453 2378 locutum
480 2312 592 2378 multis
622 2313 840 2397 audientibus,
872 2315 928 2400 qui
956 2315 1067 2381 omnia
1091 2316 1193 2382 verba
1312 2392 1313 2397 ἵ

184 2398 252 2467 eiua
280 2400 464 2486 exceperint
490 2401 674 2486 litterisque
700 2402 899 2487 mandarint,
926 2425 1056 2470 omnem
1082 2407 1191 2471 autern
1312 2422 1313 2485 ᾗ

183 2487 364 2555 orationem
381 2488 482 2557 fuisse
501 2511 581 2575 eam,
603 2512 666 2574 qua
684 2489 909 2575 haruspicinae
928 2491 1099 2579 disciplina
1117 2515 1190 2559 con·
1204 2512 1233 2553 as
1312 2488 1313 2497 ’

182 2576 354 2661 lineretur3
377 2600 451 2645 cam
471 2582 587 2664 postea
609 2578 748 2644 crevisse
769 2579 867 2645 rebus
885 2581 979 2646 novis
997 2601 1191 2668 cognoscen·
1312 2634 1313 2637 ,

183 2665 232 2731 dis
255 2670 289 2732 et
311 2666 353 2733 ad
376 2667 488 2735 eadem
509 2667 571 2732 illa
593 2666 752 2752 principia
774 2667 960 2734 referendis.
996 2668 1087 2736 Haec
1105 2693 1191 2737 acce

181 2754 289 2840 pimus
313 2755 355 2821 ab
376 2755 467 2840 ipsis,
489 2755 570 2822 haec
593 2755 715 2841 scripta
738 2760 940 2841 conservant,
962 2757 1049 2825 hunc
1065 2757 1191 2824 fontem

131 2853 165 2906 tl
183 2843 306 2909 habent
334 2842 531 2929 disciplinae.
576 2841 664 2909 Num
692 2864 776 2931 ergo
799 2866 881 2931 opus
904 2849 955 2911 est
977 2846 1121 2913 adhaec
1143 2870 1191 2913 re·

181 2931 324 2999 fallenda
342 2929 529 2998 Carneade?
550 2954 629 2999 num
646 2931 811 3017 Epicuro?
834 2937 926 2999 estne
949 2935 1121 3020 quisquam
1143 2936 1191 3002 ita
1203 2955 1232 2995 so

183 3019 357 3106 desipiens,
384 3020 441 3106 qui
468 3020 578 3088 eredat
601 3025 768 3087 exaratum
791 3043 875 3107 esse,
902 3023 998 3090 deum
1021 3024 1191 3091 dicaman

181 3108 370 3175 hominem?
402 3107 437 3175 si
460 3108 565 3192 deum,
587 3130 644 3176 eur
661 3130 696 3175 se
714 3113 829 3177 eontra
846 3115 998 3178 naturam
1015 3111 1052 3178 in
1068 3117 1190 3179 terram

182 3196 359 3281 abdiderat,
377 3201 415 3263 ut
432 3196 615 3284 patefactus
635 3202 744 3263 aratro
763 3198 868 3265 lucem
887 3200 1068 3286 aspiceret?
1091 3202 1189 3287 qnid?

141 3319 144 3325 ·
181 3284 268 3350 idem
299 3305 407 3351 nonne
433 3289 563 3372 poterat
590 3285 669 3353 deus
695 3286 894 3353 hominibus.
908 3288 1113 3375 disciplinam
1140 3313 1189 3357 sn·

180 3371 308 3457 periore
335 3394 353 3438 e
380 3373 452 3441 loco
480 3375 631 3442 madere?
672 3372 708 3441 Si
734 3379 844 3442 autem
869 3376 969 3443 homo
997 3378 1055 3444 ille
1082 3378 1188 3467 Tages
1202 3399 1231 3440 aa

180 3459 257 3543 fnit,
292 3482 433 3546 quonam
464 3464 561 3531 rnodo
593 3462 701 3549 potuit
732 3466 822 3529 terra
849 3485 1028 3550 oppressus
1059 3468 1189 3536 virere?

181 3547 264 3613 unde
287 3570 385 3635 porro
408 3550 469 3619 illa
489 3552 612 3638 potuit,
636 3573 718 3637 quae
741 3550 877 3618 docebat
900 3553 997 3639 alios,
1018 3554 1089 3642 ipse
1112 3557 1190 3622 didi·
