2652 3908
208 189 251 254 68
517 186 566 242 ΒΕ
584 185 735 243 NATURA
752 186 907 244 DEORUM

207 337 285 399 tum.
332 330 416 409 Quid
438 329 539 417 Opis?
563 331 641 416 quid
662 328 808 397 Salutis?
831 331 910 418 quid
932 331 1141 419 Concordiae,
1164 333 1220 400 Li·

207 420 359 505 bertatis,
386 418 573 486 Victoriae?
602 441 740 505 quarum
766 420 911 487 omnium
933 443 1042 488 rerum
1065 423 1143 507 quia
1166 423 1219 489 vis

207 515 279 576 erat
301 512 403 593 tanta,
425 512 464 574 ut
486 508 555 573 sine
578 507 637 573 deo
660 508 732 595 regi
753 530 821 575 non
837 514 959 596 posset,
980 510 993 575 i
1017 532 1054 576 sa
1071 533 1126 577 res
1143 511 1222 578 deo·

207 621 280 665 rum
310 619 430 663 nomen
461 596 612 663 obtinuit.
662 594 732 673 Quo
765 618 804 663 ex
835 618 953 685 genere
1007 599 1149 685 upidinis
1186 605 1222 666 et

206 686 398 773 Voluptatis
422 689 455 751 et
472 684 674 751 Lubentinae
687 684 825 752 Veneris
848 687 1008 754 vocabula
1027 693 1222 755 consecrata
1246 707 1258 750 a

207 779 293 861 sunt,
315 773 508 840 vitiosarum
529 794 638 839 rerum
656 795 761 859 neque
777 774 993 860 naturalium
1016 798 1222 862 quamquam

207 863 353 930 Velleius
376 862 472 928 aliter
494 861 675 948 existimat3
697 862 754 928 sed
775 865 887 929 tamen
909 885 949 930 ea
970 863 1044 950 ipsa
1060 865 1142 930 vitia
1161 889 1223 932 na-

156 970 188 1021 ar
207 956 317 1018 turam
343 950 566 1017 vehementius
593 972 690 1037 saepe
711 953 854 1037 pulsant.
898 950 1090 1019 Utilitatum
1112 954 1223 1041 igitur

207 1039 430 1127 magnitudine
453 1038 624 1106 constituti
646 1044 723 1105 sunt
745 1040 775 1106 ei
797 1040 839 1125 di,
862 1040 918 1128 qui
939 1042 1102 1108 utilitates
1121 1065 1222 1127 quas-

207 1150 269 1214 que
297 1128 485 1216 gignebant.
530 1128 639 1212 Atque
666 1127 718 1194 his
747 1128 877 1214 quidem
903 1130 1102 1215 nominibus,
1131 1154 1221 1217 quae
1236 1153 1260 1193 lc

206 1217 306 1301 paulo
322 1221 410 1371 dante
433 1216 520 1283 dicta
543 1221 632 1301 sunt,
660 1238 743 1300 quac
765 1216 815 1283 ris
838 1217 883 1283 sit
904 1218 941 1283 in
962 1240 1090 1304 quoque
1113 1219 1223 1286 decla·

208 1310 299 1372 ratur
344 1326 391 1371 eo.

155 1401 199 1466 24
275 1392 423 1479 Suscepit
446 1398 555 1460 autem
577 1394 647 1460 rita
665 1393 834 1460 hominurn
851 1395 1113 1480 consuetudoque
1130 1418 1221 1463 com-

208 1483 327 1568 munis,
354 1486 393 1548 ut
414 1482 578 1549 beneficiis
601 1483 789 1549 excellentis
811 1482 900 1550 viros
921 1483 958 1548 in
979 1484 1105 1550 caelum
1125 1484 1222 1551 fama

206 1594 244 1638 ac
266 1573 436 1638 voluntate
454 1572 617 1638 tollerent.
653 1570 739 1638 Hinc
757 1570 924 1658 Hercules,
946 1571 1022 1638 hinc
1043 1570 1163 1638 Castor
1182 1579 1218 1639 et
1234 1594 1259 1636 rs

206 1660 332 1746 Pollux,
355 1661 431 1727 hinc
449 1659 672 1746 Aesculapius,
694 1660 770 1726 hinc
787 1659 886 1726 Liber
906 1659 1005 1726 etiam
1024 1657 1124 1747 (hunc
1142 1662 1218 1729 dico

206 1748 360 1816 Liberum
380 1747 509 1815 Semela
531 1754 655 1833 natum,
676 1771 743 1814 non
765 1770 847 1834 eum,
870 1771 964 1834 quem
988 1750 1094 1815 nostri
1116 1751 1219 1818 maio·

207 1859 259 1904 res
288 1841 425 1924 auguste
452 1841 628 1922 sancteque
656 1836 834 1919 [Liberum]
863 1859 936 1903 cum
965 1835 1081 1904 Cerere
1108 1842 1142 1904 et
1165 1838 1219 1904 Li-

207 1928 286 1993 bera
308 1929 590 2009 consecraverunt,
613 1925 698 2010 quod
721 1926 817 2010 quale
840 1925 897 2010 sit,
920 1948 958 1992 ex
981 1927 1146 2011 mysteriis
1170 1928 1218 1994 in·

207 2014 321 2101 tellegi
352 2018 471 2100 potest.
520 2010 584 2080 Sed
616 2014 703 2099 quod
734 2035 772 2078 ex
802 2013 898 2080 nobis
931 2018 1027 2081 natos
1060 2015 1217 2083 ‘liberos'
1232 2036 1258 2077 sc

208 2103 425 2189 appellamus,
452 2101 571 2168 idcirco
594 2099 711 2168 Cerere
738 2102 810 2167 nati
835 2102 995 2169 nominati
1017 2109 1095 2169 sunt
1117 2103 1218 2171 Liber

207 2195 241 2258 et
269 2190 401 2276 Libera,
433 2189 519 2276 quod
549 2190 585 2256 in
612 2189 732 2257 Libera
763 2195 906 2275 servant,
939 2191 974 2256 in
1000 2190 1119 2258 Libero
1148 2215 1219 2259 non

206 2276 314 2366 item),
347 2278 423 2345 hinc
454 2278 553 2345 etiam
584 2278 757 2363 Romulus,
790 2300 885 2364 quem
917 2278 1047 2365 quidem
1078 2281 1216 2347 eundem

207 2390 278 2435 esse
298 2367 469 2444 Quirinum
490 2371 621 2453 putant3
644 2389 781 2453 quorum
800 2390 873 2434 cum
890 2372 1096 2435 remanerent
1114 2370 1217 2435 animi

207 2460 305 2542 atque
323 2456 516 2522 aeternitate
537 2456 736 2542 fruerentur,
758 2456 821 2522 rite
844 2456 878 2522 di
900 2461 976 2523 suut
998 2457 1117 2543 habiti,
1141 2481 1215 2524 cum
1230 2476 1256 2518 rs

207 2550 241 2612 et
264 2544 380 2631 optimi
403 2549 512 2611 essent
534 2548 568 2611 et
591 2545 722 2611 aeterni.

157 2649 189 2698 oc
275 2632 353 2699 Alia
371 2654 498 2719 quoque
516 2633 707 2718 erratione,
730 2637 763 2699 et
782 2633 911 2719 quidem
926 2633 1070 2721 physica,
1092 2657 1216 2723 magna

206 2721 301 2788 fluxit
332 2722 508 2788 multitudo
541 2722 686 2805 deorum,
718 2721 774 2806 qui
803 2721 910 2787 induti
938 2724 1043 2809 specie
1069 2723 1216 2790 humana

206 2809 336 2877 fabulas
353 2810 461 2897 poetis
480 2809 775 2897 suppeditaverunt,
794 2810 963 2877 hominum
981 2816 1091 2878 autem
1108 2813 1213 2879 vitam

207 2899 437 2985 superstitione
469 2898 558 2965 omni
586 2898 792 2964 refersenmt.
845 2900 955 2984 Atque
986 2898 1040 2965 hic
1070 2900 1160 2967 locus
1193 2918 1253 2968 aro

208 2987 335 3054 Zenone
358 2989 519 3053 tractatus
541 2990 619 3072 post
641 3009 661 3052 a
679 2984 837 3053 Cleanthe
859 2991 894 3053 et
908 2986 1091 3075 Chrysippo
1114 2989 1214 3075 pluri·

207 3076 269 3144 bus
301 3075 409 3142 verbis
441 3074 621 3161 explicatus
653 3078 712 3141 est.
756 3074 843 3141 Nam
874 3079 968 3143 retus
996 3077 1076 3143 haec
1102 3077 1213 3163 opinio

208 3164 379 3231 Graeciam
406 3163 552 3250 opplevit
580 3168 744 3230 exsectum
767 3162 901 3231 Caelum
928 3187 948 3231 a
969 3165 1039 3232 lilio
1062 3163 1213 3251 Saturno,

154 3267 189 3318 cc
207 3254 352 3319 uinctum
375 3256 484 3318 autem
498 3249 674 3319 Saturnum
696 3252 804 3338 ipsum
827 3275 847 3319 a
867 3253 937 3320 filio
954 3252 1041 3321 Iove.
1074 3253 1215 3339 Physica

207 3340 292 3406 ratio
323 3360 390 3406 norr
421 3340 588 3428 inelegans
619 3341 745 3407 inclusa
776 3345 826 3407 est
857 3340 893 3407 in
923 3342 1042 3429 impias
1067 3341 1213 3428 fabulas,
1228 3360 1255 3402 as

208 3428 381 3494 caelestem
404 3428 489 3494 enim
513 3429 708 3495 altissimam
731 3429 972 3516 aetheriamque
993 3434 1153 3514 naturam,
1178 3430 1213 3497 id

207 3520 259 3581 est
289 3516 432 3603 igneam,
466 3539 548 3600 quae
578 3540 638 3602 per
668 3538 739 3584 sese
767 3517 876 3583 omnia
902 3518 1064 3606 gigneret,
1095 3540 1213 3585 vacare
1309 3570 1310 3575 η
