2654 3912
376 202 443 257 ΜΒ.
463 204 484 259 1.
508 203 584 260 οΑΡ,
604 211 717 260 11—13.
740 211 889 271 ser-aa
1080 204 1146 270 393

134 347 295 434 thagorea
316 369 380 413 vox
404 347 457 429 [de
480 347 624 414 amicitia
641 348 755 429 locus}
788 347 840 415 Ex
858 366 922 432 quo
940 348 1146 435 perspicitur,

136 458 234 522 quom
256 436 341 501 hanc
363 435 617 501 benivolentiam
639 439 709 502 tam
731 437 799 501 late
821 436 977 523 longeque
994 437 1145 503 diffusam

133 525 186 591 vir
212 523 342 610 sapiens
367 524 403 589 in
425 524 568 608 aliquem
590 526 663 610 pari
685 526 807 590 virtute
830 524 1013 610 praeditum
1036 531 1146 592 contu·

135 612 225 697 lerit,
246 617 318 678 tum
341 613 424 679 illud
446 612 540 699 effici,
563 613 650 698 quod
673 613 867 698 quibusdam
889 612 1078 679 incredibile
1101 614 1146 679 vi·

108 701 263 786 adeatur,
294 701 338 767 sit
367 704 477 768 autem
502 702 734 787 necessarium,
761 705 799 767 ut
824 701 928 785 nihilo
955 723 1049 787 sepse
1094 703 1145 768 lus

136 811 234 877 quam
261 790 403 857 alterum
430 789 561 877 diligat3
589 791 666 875 quid
694 791 780 856 enim
808 726 1146 876 sorqmnffiffikrau

134 899 235 965 quom
261 879 329 944 sint
359 882 476 945 cuncta
501 878 616 965 paria?
652 877 775 955 Quodsi
796 878 954 944 interesse
979 879 1172 965 quippiam,¹

134 967 301 1034 tantulum
323 967 422 1034 modo
443 967 588 1054 potuerit
609 967 645 1032 in
666 968 820 1051 munitm,
843 967 1006 1033 amicitiae
1027 970 1167 1033 nomcn'

134 1056 201 1122 iam
229 1055 395 1140 occiderit,
424 1055 514 1121 cuius
538 1059 589 1121 est
611 1077 650 1122 ea
672 1056 736 1140 vis,
762 1058 814 1141 ut,
840 1055 939 1121 simul
962 1059 1060 1142 atque
1083 1056 1160 1122 sibil

97 1163 122 1204 io
136 1143 261 1229 aliquid
283 1145 368 1210 alter
384 1143 547 1228 maluerit,
568 1145 661 1210 nulla
679 1144 732 1211 sit.
767 1142 857 1221 Quae
875 1116 1155 1243 praemuniuntur(

136 1232 247 1298 onmia
273 1232 399 1317 reliquo
427 1232 570 1298 sermoni
597 1232 874 1318 disputationique
902 1237 1049 1318 nostrae,
1082 1253 1145 1317 quo

134 1320 264 1387 facilius
295 1321 347 1386 ius
377 1320 413 1387 in
441 1325 563 1386 natura
588 1342 659 1386 esse
685 1322 830 1407 positum
855 1321 1006 1408 intellegi
1031 1322 1146 1408 possit.

135 1409 186 1476 De
209 1430 274 1494 quo
297 1430 396 1494 quom
417 1431 581 1495 perpauca
602 1410 722 1494 dixero,
744 1413 815 1475 tum
839 1409 880 1475 ad
900 1410 952 1475 ius
976 1409 1072 1475 civile
1094 1432 1146 1477 ve

136 1498 235 1584 niam,
257 1519 297 1564 ex
320 1518 384 1582 quo
406 1497 487 1564 haec
510 1497 615 1563 omnis
638 1501 689 1562 est
711 1502 790 1563 nata
812 1499 927 1564 oratio.

96 1602 122 1647 a
204 1587 240 1669 Q.
262 1585 313 1652 Tu
339 1607 416 1652 vero
443 1586 509 1650 iam
535 1608 698 1672 perpauca
725 1587 857 1652 scilicet.
901 1585 954 1652 Ex
980 1586 1023 1652 iis
1051 1557 1199 1685 minag}

137 1697 219 1762 quae
247 1674 372 1759 dixisti,
400 1674 545 1760 †Attic0
572 1675 701 1740 videtur
727 1675 809 1739 mihi
836 1674 966 1759 quidem
992 1680 1080 1741 certe
1108 1698 1146 1741 ex

135 1768 255 1830 natura
284 1766 393 1830 ortum
423 1783 493 1828 esse
520 1763 580 1829 ius.
626 1764 703 1830 Ara
730 1763 785 1828 An
812 1763 893 1828 mihi
920 1763 1018 1829 aliter
1043 1764 1147 1830 videri
1166 1812 1174 1841 .,

135 1852 264 1939 possit?
292 1873 390 1937 quom
416 1850 497 1918 haec
523 1851 591 1918 iam
613 1852 759 1938 perfecta
781 1852 861 1937 sint,
888 1852 1030 1937 primum
1053 1853 1147 1937 quasi

136 1941 323 2007 muneribus
347 1940 480 2006 deorum
501 1961 562 2005 nos
586 1961 656 2006 esse
678 1941 856 2007 instructos
877 1943 911 2006 et
934 1944 1077 2024 ornatos,
1100 1962 1147 2006 se·
1172 1994 1174 2001 s

96 2050 123 2090 so
136 2029 240 2097 cundo
273 2032 382 2095 autem
413 2028 486 2095 loco
517 2050 617 2095 unam
648 2051 719 2095 esse
745 2029 915 2095 hominurn
943 2029 1030 2094 inter
1057 2030 1146 2114 ipsos

135 2116 265 2184 vivendi
287 2138 400 2204 parem
423 2139 689 2203 communemque
706 2118 877 2201 rationem,
901 2117 1015 2183 deinde
1034 2139 1148 2187 omnes

135 2207 222 2272 inter
249 2226 283 2271 se
305 2206 450 2273 naturali
473 2206 613 2291 quadam
635 2206 840 2293 indulgentia
861 2209 895 2271 et
917 2192 1149 2361 benivolentiae)

135 2298 207 2360 tum
230 2295 331 2361 etiam
353 2294 508 2361 societate
530 2294 611 2360 iuris
633 2294 801 2361 contineri
837 2293 926 2372 Quae
950 2316 1049 2380 quom
1070 2318 1127 2360 ver

136 2405 207 2450 esse
233 2387 334 2467 recte,
361 2387 399 2449 ut
425 2383 583 2469 arbitror,
609 2382 876 2468 concesserimus,
903 2383 960 2468 qui
980 2383 1047 2449 iam
1070 2384 1147 2449 licet

96 2471 231 2538 arnobio
260 2494 282 2537 a
308 2475 429 2537 natura
457 2472 547 2557 leges
577 2475 611 2537 et
639 2471 712 2537 iura
738 2472 930 2558 seiungere?
971 2473 1019 2538 Μ.
1046 2471 1146 2538 Recte
1165 2483 1199 2534 ee

137 2559 226 2646 dicis,
244 2564 348 2625 atres
366 2581 401 2625 se
419 2559 467 2626 sic
484 2560 593 2625 habet.
623 2558 748 2625 Verum
765 2559 1035 2646 philosophorum
1049 2581 1147 2643 more,

135 2668 203 2714 non
228 2652 376 2713 veterum
404 2646 534 2733 quidem
560 2648 708 2733 illorum,
737 2648 794 2714 sed
821 2669 946 2727 eorum,
976 2648 1032 2731 qui
1055 2649 1149 2732 quasi

137 2734 283 2801 officinas
300 2735 526 2801 instruxerunt
544 2736 732 2822 sapientiae,
754 2759 837 2821 quae
852 2736 926 2801 fuae
943 2735 1022 2801 olim
1041 2736 1148 2821 dispu-

11 2873 14 2878 -
136 2823 292 2890 labantur
318 2845 356 2891 ac
384 2823 500 2909 libere,
528 2847 567 2890 ea
592 2847 678 2892 nunc
700 2825 902 2892 articulatim
925 2823 1080 2890 distincta
1103 2824 1148 2890 di·

97 2916 266 2997 socuntur3
295 2934 356 2980 nec
388 2912 474 2978 enim
506 2913 587 2979 satis
614 2914 685 2979 fieri
712 2917 845 2979 censent
871 2912 947 2979 huic
973 2912 1059 2997 loco,
1092 2913 1147 2998 qui

135 3022 222 3068 nunc
239 3005 291 3067 est
303 3001 344 3067 'in
360 3001 520 3088 manibus,
536 3001 601 3068 nisi
619 3002 797 3088 seperatim
814 3001 878 3068 hoc
893 3001 1011 3088 ipsum,
1028 3004 1148 3068 natura

136 3111 208 3156 esse
225 3089 286 3176 ius,
308 3090 516 3176 disputarint.
552 3094 629 3157 Ara
646 3091 694 3156 Et
710 3090 835 3157 scilicet
851 3093 911 3156 tua
928 3089 1065 3155 libertas
1085 3090 1147 3155 dis-

137 3178 264 3245 serendi
294 3179 415 3245 amissa
442 3181 506 3265 est,
536 3182 594 3245 aut
620 3183 658 3245 tu
683 3179 713 3244 is
738 3199 787 3262 es,
817 3178 872 3263 qui
893 3178 929 3244 in
951 3178 1147 3264 disputando

135 3287 202 3332 non
228 3272 323 3334 tuum
349 3266 503 3334 iudicium
531 3287 680 3353 sequare,
708 3266 765 3333 sed
792 3266 980 3333 auctoritati
1007 3266 1147 3333 aliorum

135 3444 187 3509 nis
216 3444 303 3530 quod
325 3445 383 3529 sit,
409 3443 513 3510 vides:
541 3444 657 3511 adres
680 3444 827 3532 publicas
849 3444 1026 3510 firmandas
1050 3443 1148 3509 etad
1212 3438 1247 3547 if.

136 3530 351 3599 stabiliendas
378 3533 476 3598 urbes
500 3533 719 3616 sanandosque
739 3533 880 3620 populos
902 3532 1011 3599 omnis
1033 3535 1148 3598 nostra

97 3370 123 3414 ³⁸
135 3377 261 3441 pareas.
297 3357 346 3422 M.
368 3354 445 3422 Non
467 3377 608 3444 semper,
630 3355 718 3442 'Iite3
745 3355 802 3421 sed
823 3355 887 3421 iter
908 3355 1005 3420 huius
1029 3365 1199 3657 sermoJM
