2652 3908
383 212 451 269 mn.
470 213 518 268 111.
544 214 620 270 cAP.
639 221 719 272 e-e,
741 220 757 282 e
777 221 872 272 r-rr.
1070 217 1134 281 11).v

187 357 329 442 Aspice
347 358 420 423 hoe
438 358 605 424 sublime
623 359 804 444 eandens,
822 382 931 444 quern
949 361 1134 428 invocant

709 470 839 513 omnes
862 447 1000 516 Iovem.

120 533 221 610 Quasi
243 556 322 600 vero
346 535 518 619 quisquam
541 538 691 601 nostrum
708 536 810 602 istum
827 538 938 623 potins
958 559 1056 624 qnam
1075 537 1134 606 Oa·
1154 556 1184 606 ιι

118 624 295 710 pitolinum
327 621 440 689 Iovem
476 625 622 710 appellet
658 629 715 690 aut
750 624 813 691 hoo
850 628 1057 716 perspicuum
1090 628 1134 693 sit

119 716 313 796 constetque
336 712 422 777 inter
443 713 565 796 omnis,
587 734 643 778 eos
666 734 737 779 esee
760 712 851 799 deos,
875 737 957 800 qnos
978 716 1041 781 tibi
1058 715 1135 781 Vel·

91 800 202 866 ⁵leius
234 799 396 885 multique
427 804 597 887 praeterea
627 823 669 866 ne
700 802 877 868 animantis
905 805 1035 888 quidem
1063 825 1133 870 esse

118 888 307 955 coneedant
353 886 461 955 Grave
488 890 589 955 etiam
616 895 845 977 argumentum
867 893 928 958 tibi
952 892 1133 978 videbatur,

118 978 206 1064 quod
233 976 346 1064 opinio
371 977 412 1042 de
441 977 491 1043 dis
513 978 742 1045 inmortalibus
766 984 799 1045 et
822 981 967 1046 omnium
990 987 1077 1048 esset
1100 986 1135 1048 et

119 1066 238 1132 cotidie
270 1069 438 1133 cmeeeret
482 1065 595 1132 Placet
627 1065 729 1154 igitur
760 1069 871 1134 tantas
900 1092 953 1135 res
981 1071 1132 1157 opinione

9 1172 10 1223 ζ
121 1154 298 1222 stultorum
320 1154 466 1239 iudicari,
488 1155 581 1221 vobis
604 1157 806 1242 praesertim,
830 1158 886 1242 qui
903 1157 980 1225 illos
998 1161 1131 1226 insanos

9 1258 11 1305 ῑ
80 1261 108 1301 1⁰
122 1266 190 1310 esse
217 1244 358 1310 dicatis?
403 1244 450 1308 At
477 1245 564 1309 enim
591 1245 772 1331 praesentis
799 1247 945 1312 videmus
974 1249 1064 1333 deos,
1094 1253 1173 1321 ut5

9 1334 11 1413 g
121 1333 207 1419 apud
229 1332 397 1419 Regillum
415 1332 612 1417 Postumius,
634 1334 669 1399 in
690 1331 817 1400 Salaria
834 1333 1001 1421 Vatinius,
1022 1339 1131 1404 neseio

9 1430 10 1471 ἓ
119 1421 198 1507 qnid
218 1422 322 1487 etiam
344 1421 385 1486 de
406 1421 584 1488 Looromm
608 1421 694 1507 apud
712 1420 850 1510 Sagram
873 1424 1006 1510 proelio.
1043 1425 1132 1503 Quos

9 1518 10 1557 ³
117 1511 222 1598 igitur
248 1515 287 1575 tu
309 1508 512 1595 Tyndaridae
540 1511 745 1596 appellabas,
771 1511 806 1576 id
832 1516 884 1577 est
904 1513 1053 1579 homines
1075 1514 1133 1581 ho·

117 1600 205 1665 mine
228 1603 338 1683 natos,
362 1603 396 1664 et
418 1620 500 1684 quos
522 1597 698 1682 Homerus,
721 1599 777 1685 qui
799 1622 910 1687 reeens
934 1601 976 1666 ab
999 1602 1132 1668 illorum

9 1718 10 1725 κ
78 1706 105 1748 rs
119 1692 228 1755 aetate
254 1687 332 1771 fuit,
361 1687 510 1773 sepultos
535 1708 608 1753 esse
631 1687 709 1754 dicit
732 1688 986 1774 Lacedaemone,
1016 1712 1071 1757 eos
1094 1696 1132 1756 tu

120 1776 296 1843 cantheriis
325 1775 410 1841 albis
431 1776 532 1841 nullis
554 1776 724 1842 calonibus
747 1778 790 1844 ob
813 1778 901 1843 viam
923 1778 1057 1845 Vatinio
1080 1801 1133 1845 ve·

9 1870 10 1935 3
118 1865 206 1932 nisse
235 1864 404 1931 existimas
432 1868 466 1929 et
493 1865 664 1931 victoriam
689 1866 804 1951 populi
831 1866 972 1932 Romani
997 1866 1132 1935 Vatinio

9 1954 11 2035 ἶ
118 1955 238 2041 potius,
261 1954 387 2018 homini
409 1954 541 2038 rustico,
565 1975 663 2038 quam
679 1953 723 2019 Μ.
743 1952 871 2039 Catoni,
893 1956 949 2040 qui
971 1960 1133 2025 tumeret

9 2046 10 2127 ζ
119 2045 284 2129 princeps,
310 2042 535 2108 nuntiavisse?
579 2041 670 2130 Ergo
699 2047 732 2108 et
754 2043 836 2108 illud
858 2043 893 2108 in
915 2045 1019 2130 silice,
1047 2046 1133 2132 quod

9 2130 10 2133 ’
78 2149 106 2190 20
119 2132 216 2198 hodie
239 2152 260 2196 a
284 2135 379 2216 paret
401 2131 487 2216 apud
505 2130 672 2218 Regillum
694 2136 863 2218 tamquam
883 2134 1058 2220 vestigium
1076 2157 1133 2200 un·

9 2238 10 2265 ³
121 2222 231 2309 gulae,
257 2155 408 2286 Saetoris
431 2220 506 2304 eqni
528 2220 631 2286 eredis
655 2221 747 2286 esse?
783 2219 900 2287 Nonne
923 2223 1027 2288 mavis
1051 2223 1185 2291 illudis

9 2346 10 2353 κ
119 2310 259 2393 eredere,
278 2307 365 2393 qnod
382 2308 516 2393 probari
535 2311 653 2393 potest,
672 2310 798 2375 animos
817 2311 1059 2397 praeclarorum
1077 2312 1132 2378 ho-

119 2398 260 2481 minnm,
287 2397 401 2481 quales
425 2397 482 2461 isti
504 2395 709 2480 Tyndaridae
738 2397 883 2482 fuerunt,
911 2399 1039 2466 divinos
1061 2422 1132 2466 esse

119 2492 154 2554 et
172 2490 334 2569 aeternos,
357 2507 456 2571 quam
471 2506 539 2569 eos,
563 2506 620 2569 qur
637 2487 737 2551 semel
756 2487 891 2552 cremati
910 2492 1028 2572 essent,
1046 2490 1133 2575 equi·

79 2591 105 2633 2⁵
119 2581 192 2642 tare
224 2577 259 2640 et
284 2575 320 2639 in
348 2574 416 2639 aoie
445 2595 591 2660 pugnare
620 2575 788 2659 petuisse?
820 2579 891 2659 aut,
918 2576 947 2642 si
973 2576 1036 2643 hoe
1062 2578 1133 2642 fieri

119 2663 268 2751 potuisse
290 2661 380 2747 dieis,
402 2662 518 2729 doceas
541 2666 680 2748 oportet,
703 2685 767 2747 quo
788 2663 894 2748 modo,
915 2682 982 2730 neo·
992 2664 1132 2731 fabellas

119 2753 224 2819 aniles
242 2751 400 2839 proferas.
423 2751 506 2816 Tum
520 2750 674 2817 Lucilius:
698 2752 751 2816 An
769 2752 840 2837 tibi,
857 2753 974 2837 inquit,
991 2752 1133 2821 fabellae
1152 2770 1185 2820 18

118 2841 294 2908 ridentur?
339 2838 456 2906 Nonne
484 2840 524 2906 ab
546 2840 586 2905 A.
609 2839 778 2906 Postumio
806 2841 917 2906 aedem
941 2839 1071 2908 Castori
1099 2847 1135 2909 et

118 2930 248 2996 Polluci
274 2931 308 2994 in
333 2927 407 2994 loro
434 2929 629 3012 dedicatam,
658 2951 765 2994 nonne
792 2932 1132 2997 senatusconsultum

80 3033 107 3075 ω
120 3019 160 3085 de
182 3017 318 3085 Vatinio
345 3018 457 3083 vides?
493 3016 580 3083 Nam
607 3017 647 3083 de
673 3015 777 3104 Sagra
804 3017 1002 3085 Graecorum
1032 3021 1132 3086 etiam

120 3112 172 3173 est
193 3107 329 3194 volgare
351 3107 573 3192 proverbium,
596 3107 661 3192 qui,
683 3129 766 3192 qnae
788 3108 970 3192 adfirmant,
993 3111 1132 3177 certiora

121 3217 192 3271 esse
214 3196 326 3261 dieunt
347 3216 445 3281 qnam
463 3195 532 3279 illa,
555 3217 637 3281 quae
656 3195 742 3281 apud
760 3193 906 3283 Sagram.
946 3196 1008 3262 His
1031 3198 1133 3283 igitur

121 3285 309 3351 auctoribus
334 3304 441 3350 nonne
464 3284 561 3349 debes
585 3283 731 3350 moveri?
766 3285 850 3350 Tum
872 3284 984 3353 Cotta:
1014 3286 1133 3353 Rumo-

120 3373 221 3457 ribua,
244 3372 360 3458 inquit,
382 3394 508 3439 meeum
529 3393 671 3458 pugnas,
699 3371 817 3460 Balbe,
840 3394 901 3461 ego
925 3379 1077 3442 autema
1099 3380 1132 3440 te

80 3475 108 3519 δῦ
121 3462 266 3529 rationes
288 3462 419 3546 requiro
434 3512 442 3526 .
456 3512 463 3528 .
479 3512 486 3527 .

188 3547 383 3636 Sequuntur,
405 3571 488 3636 qnae
510 3548 622 3615 futura
640 3547 724 3615 sunt.
759 3549 913 3636 Effugere
932 3551 1017 3615 enim
1035 3572 1130 3615 nemo
1150 3530 1183 3654 ᾗ
