2654 3924
200 229 264 293 322
562 229 612 283 DE
630 230 678 284 RE
696 229 853 285 PUBLICA

200 396 260 458 qne
284 396 349 459 eos,
372 374 488 460 quibus
512 379 563 440 est
585 375 800 460 praepositus,
824 397 921 459 qnam
941 376 1066 460 optima
1083 376 1118 440 in
1137 397 1223 441 eon·

199 463 323 528 dicione
347 462 483 547 vivendi,
508 484 585 528 sane
607 463 738 547 bonum,
760 468 798 528 ut
820 464 894 546 dixi,
917 463 965 528 rei
987 464 1136 548 publicae
1158 486 1221 550 ge·

197 573 272 634 nus,
300 552 357 616 sed
383 556 494 617 tamen
520 551 711 617 inclinatum
741 555 774 616 et
797 552 891 636 quasi
912 573 1052 637 pronum
1075 552 1116 617 ad
1139 575 1220 638 per-

144 655 179 703 46
197 639 450 705 niciosissimum
478 644 610 705 statum.
656 637 760 704 Simul
788 644 885 724 atque
913 639 999 704 enim
1027 662 1062 706 se
1083 641 1221 706 inflexit

197 727 250 793 hie
273 750 328 792 rex
350 728 386 792 in
408 728 610 793 dominatum
627 728 840 811 iniustiorem
862 729 900 792 fit
923 729 1077 794 continuo
1100 733 1219 813 tyran·
1248 750 1263 789 6

197 838 272 899 nus,
301 838 364 901 qno
386 837 490 900 neque
513 816 650 881 taetrius
673 838 777 901 neque
798 816 924 882 foedius
947 839 1006 883 nec
1034 817 1083 883 dis
1105 817 1218 882 homi—

197 933 224 983 p.
244 906 293 984 29]
316 903 484 988 nibustque
506 904 642 970 invisius
664 905 784 970 animal
803 906 907 970 ullum
925 905 1064 992 eogitari
1086 910 1219 990 potest3

198 993 254 1077 qui
277 1015 473 1077 quamquam
496 993 602 1079 figura
625 997 675 1057 est
697 994 852 1078 hominis,
875 1015 1003 1059 morum
1030 998 1140 1059 tamen
1163 995 1218 1059 in-

197 1080 356 1145 manitate
382 1080 586 1146 vastissimas
613 1081 715 1147 vineit
742 1082 865 1148 beluas.
912 1081 991 1158 Quis
1015 1083 1100 1146 enim
1123 1083 1218 1149 hune

196 1168 362 1233 hominem
388 1169 451 1233 rite
474 1169 605 1253 dixerit,
633 1170 689 1254 qui
712 1170 777 1235 sibi
798 1191 871 1236 eum
895 1171 962 1236 suis
985 1170 1123 1254 civibus,
1153 1172 1217 1256 qni
1232 1192 1259 1230 ιο

198 1256 334 1341 denique
357 1279 430 1324 eum
452 1257 540 1323 omni
558 1258 727 1323 hominum
745 1279 862 1342 genere
880 1258 1007 1324 nullam
1025 1258 1105 1324 iuris
1123 1281 1216 1325 eom-

199 1346 393 1428 munionem,
415 1346 540 1411 nnllam
563 1346 778 1411 humanitatis
797 1347 987 1413 societatem
1005 1346 1109 1412 velit?
1147 1345 1216 1413 Sed

197 1433 260 1499 erit
286 1434 348 1499 hoc
376 1434 415 1500 de
443 1457 559 1520 genere
588 1434 683 1500 nobis
711 1435 794 1500 alius
823 1436 931 1520 aptior
961 1435 1086 1501 dicendi
1109 1435 1216 1521 loeus,

196 1550 225 1603 p.
243 1524 292 1604 30]
316 1545 389 1588 eum
416 1545 469 1587 res
495 1523 569 1609 ipss
596 1521 822 1611 admonuterit,
849 1527 886 1588 ut
913 1524 948 1587 in
976 1545 1031 1589 eos
1055 1522 1215 1608 dieamus,

197 1611 253 1697 qui
282 1611 381 1677 etism
408 1611 549 1676 liberata
574 1611 640 1676 iam
670 1611 801 1677 civitate
825 1612 1061 1678 dominationes
1085 1612 1257 1698 adpeti-15

143 1760 187 1823 27
199 1704 324 1766 verunt.

145 1840 179 1889 49
269 1788 409 1853 Habetis
437 1789 539 1890 igitur
565 1788 707 1874 primum
735 1793 843 1854 ortum
869 1788 1013 1873 tyranni3
1044 1810 1121 1853 nam
1147 1791 1214 1854 hoe

199 1899 319 1942 nomen
336 1875 452 1943 Graem
474 1877 562 1963 regis
584 1877 698 1943 iniusti
721 1898 791 1942 esse
809 1877 995 1961 voluerunt3
1016 1876 1122 1941 nostri
1141 1878 1214 1962 qui-

197 1966 271 2030 dem
303 1986 414 2030 omnes
441 1987 536 2052 reges
563 1965 801 2048 vocitaverunt,
835 1964 890 2050 qui
917 1965 981 2031 soli
1007 1963 1042 2028 in
1092 1966 1213 2050 opulos

196 2057 387 2138 perpetuam
417 2057 616 2137 potestatem
647 2053 814 2118 haberent.
863 2052 978 2137 Itaque
1010 2056 1044 2117 et
1068 1989 1211 2138 tpurius
1226 2076 1255 2116 so

198 2139 330 2206 Cassius
353 2144 386 2204 et
403 2139 447 2204 M.
464 2140 607 2205 Manlius
631 2145 663 2205 et
682 2138 818 2226 Spurius
836 2140 974 2207 Maelius
997 2162 1135 2227 regnum
1158 2164 1212 2208 66-

197 2250 315 2312 eupare
337 2228 479 2292 voluisse
503 2228 582 2293 dicti
600 2233 686 2313 sunt,
709 2233 741 2294 et
760 2229 855 2295 modo
877 2231 943 2295 Tib.
962 2229 1133 2296 arastus.
1149 2279 1205 2296 ...

445 2369 684 2450 [Desiderantnr
700 2373 837 2454 papinae
858 2371 959 2452 duae]

143 2466 188 2593 {08
199 2524 226 2574 p.
247 2496 311 2576 135]
385 2493 631 2577 ....Lyeuryus
652 2493 811 2578 γέροντας
833 2495 1076 2560 Lacedaemone
1100 2498 1211 2582 appel-

200 2583 294 2667 lavit,
325 2581 423 2647 nimis
454 2582 483 2646 is
516 2581 645 2666 quidem
675 2605 809 2668 paucos,
838 2601 965 2666 mul,
996 2605 1076 2668 quos
1109 2606 1210 2668 penes

199 2694 360 2738 summam
387 2671 514 2736 consilii
541 2672 646 2736 voluit
674 2692 757 2753 esse,
789 2694 862 2737 eum
889 2671 1019 2756 imperii
1046 2694 1208 2738 summam
1222 2693 1251 2732 66

198 2783 256 2826 rex
278 2762 417 2842 teneret3
440 2781 478 2823 ex
502 2781 565 2844 quo
588 2760 694 2825 nostri
715 2759 802 2825 idem
823 2759 904 2824 illud
925 2760 1028 2826 secuti
1047 2766 1145 2845 atque
1162 2762 1210 2826 in·

198 2848 384 2935 terpretati‚
419 2868 499 2932 qnos
531 2869 623 2913 senes
651 2848 707 2911 ille
736 2848 928 2933 appellavit,
958 2849 1210 2914 nominaverunt

199 2942 387 3020 senatum,
419 2940 456 3021 nt
486 2935 552 3001 ism
579 2935 756 3001 Romulum
787 2937 936 3021 patribus
968 2937 1061 3002 lectis
1092 2937 1209 3004 fecisse

199 3026 351 3109 diximus3
382 3028 495 3090 tamen
526 3024 655 3089 excellit
689 3027 785 3109 atque
818 3025 937 3088 eminet
966 3024 1030 3108 vis,
1062 3030 1209 3110 potestas

198 3135 379 3198 nomenque
407 3112 542 3198 regium.
588 3110 714 3196 Inperti
742 3112 839 3176 etiam
861 3114 984 3197 populo
1007 3114 1181 3198 potestatis
1201 3112 1252 3205 130

198 3231 226 3281 p.
247 3204 312 3284 136]
336 3201 472 3286 aliquid,
499 3204 537 3265 ut
564 3204 597 3265 et
620 3200 788 3286 Lycurgus
811 3204 844 3263 et
865 3199 1040 3284 Romulus3
1066 3224 1135 3268 non
1161 3224 1209 3268 se·

199 3290 293 3354 tiaris
321 3311 394 3354 eum
421 3289 590 3372 libertate,
621 3289 677 3354 sed
703 3288 881 3352 incenderis
910 3290 1087 3374 eupiditate
1114 3291 1216 3374 liber-y

200 3377 292 3461 tntis,
318 3399 392 3442 eum
414 3379 544 3440 tantum
566 3376 662 3441 modo
685 3379 882 3460 potestatem
906 3378 1060 3464 gustandi
1082 3378 1208 3463 feceris3

199 3465 256 3529 ille
287 3464 416 3549 quidem
448 3485 576 3548 semper
602 3463 790 3547 inpendebit
817 3464 930 3549 timor,
956 3488 997 3530 ne
1025 3487 1096 3549 rex,
1124 3466 1208 3550 quod

200 3552 391 3636 plerumque
410 3551 527 3632 evenit,
546 3550 681 3615 exsistat
699 3550 847 3616 iniustus.
884 3552 946 3618 Est
965 3553 1067 3640 igitur
1080 3552 1208 3637 fragilis
1221 3572 1250 3613 66
