2652 3920
185 216 252 286 ‘226
438 235 440 239 ·
521 212 846 270 ··nnn1vlunnoun
937 248 942 255 η

179 361 261 431 surr
285 363 342 429 aut
357 369 442 428 'num
464 359 628 446 plerisque
650 358 686 423 in
707 358 805 424 rebus
828 359 975 444 sequitur
993 381 1106 427 eorum
1125 379 1199 426 auc·

185 449 354 519 toritatem
380 448 579 521 multitudo?
616 446 700 523 Quid
732 448 852 513 mirum
878 448 994 534 igitur,
1025 448 1054 513 si
1080 448 1116 513 in
1136 466 1198 514 'au-

182 538 296 623 spiciis
323 540 357 603 et
383 537 419 604 in
445 536 535 604 omni
561 535 761 602 divinatione
787 535 933 602 inbecilli
961 537 1062 602 animi
1086 557 1198 622 super·

186 626 317 698 stitisse
338 626 404 693 ista
425 624 620 711 concipiant,
642 646 755 690 uerum
779 624 935 711 dispicere
957 647 1023 690 non
1046 625 1197 710 possint?

132 729 167 778 ss
185 714 275 790 Quae
298 717 409 781 autem
431 718 483 780 est
499 713 586 783 inter
604 733 743 798 augures
761 712 955 780 conveniens
974 718 1008 779 et
1025 714 1225 780 coniunctas

184 803 391 957 Eonstantiul
436 802 490 868 Ad
520 801 627 868 nostri
659 800 786 888 augurii
817 800 1083 868 consuetudinem
1115 801 1198 868 dixit

186 914 324 959 comus:

229 997 322 1064 Tum
345 997 476 1064 tonuit
498 998 650 1064 laevum
672 998 769 1063 bene
791 1000 1028 1084 tempestate
1052 1019 1198 1065 serena.

188 1105 233 1170 At
254 1102 446 1169 Homericus
469 1102 554 1168 Aiax
582 1102 669 1188 apud
691 1102 855 1168 Achillem
884 1124 1021 1187 querens
1049 1103 1088 1167 de
1114 1103 1198 1171 fero-

186 1193 285 1258 citate
307 1191 523 1258 Troianorum
544 1191 653 1257 nescio
677 1191 839 1276 quidhoc
862 1191 958 1256 modo
981 1191 1125 1256 nuntiat:
1212 1211 1240 1250 ro

229 1298 422 1385 Prospera
434 1296 614 1384 Iuppiter
630 1298 691 1363 his
706 1298 854 1364 dextris
867 1297 1093 1385 fulgoribus
1108 1298 1197 1365 edit.

184 1422 238 1491 Ita
250 1422 346 1492 nobis
360 1420 494 1487 sinistra
506 1421 665 1505 videntur,
680 1420 787 1487 Graiis
801 1424 835 1485 et
848 1419 999 1485 barbaris
1009 1421 1123 1487 dextra
1133 1445 1199 1487 me·

186 1513 278 1579 liora.
305 1510 509 1594 Quamquam
524 1509 612 1576 haud
625 1510 752 1597 ignoro,
771 1530 853 1594 quae
867 1509 954 1574 bona
968 1510 1044 1594 sint,
1062 1510 1198 1577 sinistra

185 1623 246 1669 nos
269 1599 383 1683 dicere,
406 1598 536 1664 etiamsi
558 1598 673 1664 dextra
695 1598 776 1682 sint3
805 1597 861 1663 sed
883 1600 970 1662 certe
991 1599 1098 1664 nostri
1121 1600 1197 1665 sini·

186 1694 291 1759 strum
308 1687 559 1755 nominaverunt
576 1687 764 1772 externique
783 1687 942 1770 dextrum,
963 1686 1040 1771 quia
1057 1688 1239 1773 plerum-15

133 1791 167 1840 83
187 1800 249 1864 que
276 1777 310 1844 id
332 1776 449 1843 melius
472 1776 651 1841 videbatur.
692 1773 782 1841 Haec
805 1778 928 1859 quanta
951 1774 1110 1843 dissensio
1134 1780 1196 1842 est!

186 1866 291 1943 Quid?
322 1864 407 1951 quod
435 1865 508 1930 aliis
537 1865 652 1930 avibus
680 1867 830 1946 utuntur,
858 1863 931 1928 aliis
955 1862 1072 1949 signis,
1101 1865 1198 1930 aliter

186 1956 375 2038 observant,
410 1953 475 2018 alia
509 1952 719 2038 respondent,
755 1974 821 2019 non
854 1973 985 2017 necesse
1016 1957 1067 2017 est
1099 1952 1198 2019 fateri

185 2043 307 2130 partim
334 2041 451 2107 horum
479 2062 588 2106 errore
615 2044 802 2126 susceptum
830 2061 914 2125 esse,
941 2041 1063 2126 partim
1087 2063 1196 2127 super·

187 2131 330 2214 stitione,
352 2130 458 2194 multa
479 2128 646 2195 fallendo?
1209 2148 1238 2188 ro

134 2221 177 2284 40
242 2221 352 2304 Atque
363 2218 417 2284 his
431 2217 715 2302 superstitionibus
728 2237 794 2282 non
808 2216 966 2282 dubitasti
975 2218 1076 2283 etiam
1085 2216 1197 2285 omina

187 2308 370 2394 adiungere.
406 2305 549 2371 Aemilia
565 2305 668 2371 Paulo
686 2304 820 2370 Persam
842 2305 975 2391 perisse,
998 2306 1084 2391 quod
1102 2311 1196 2392 pater

187 2419 283 2464 omen
314 2395 452 2481 accepit3
483 2393 627 2461 (laeoilia
659 2416 694 2460 se
726 2393 846 2460 sororis
878 2393 965 2459 filiae
997 2394 1089 2460 sedes
1120 2416 1195 2461 suas

186 2485 322 2552 tradere.
368 2482 440 2550 Iam
470 2482 543 2550 illa:
573 2481 717 2550 Favete
748 2482 896 2569 linguis
926 2485 960 2547 et
988 2504 1196 2571 praeroga·

186 2575 320 2659 tivam,
338 2594 447 2640 omen
465 2572 720 2638 comitiorum.
747 2569 820 2637 Hoc
838 2574 890 2635 est
907 2570 1015 2656 ipsum
1033 2593 1103 2636 esse
1122 2594 1195 2639 con·
1209 2587 1237 2629 ²⁵

186 2666 240 2729 tra
267 2683 302 2728 se
329 2662 496 2748 copiosum
519 2666 553 2726 et
575 2661 740 2726 disertum.
785 2657 920 2735 Quando
944 2659 1030 2725 enim
1052 2660 1119 2726 ista
1141 2661 1196 2727 ob

187 2773 320 2818 servans
339 2750 449 2835 quieto
468 2753 502 2815 et
519 2749 622 2815 libero
643 2749 751 2814 animo
770 2769 840 2812 esse
858 2747 989 2833 poteris,
1012 2752 1050 2814 ut
1068 2750 1108 2815 ad
1126 2771 1196 2814 rem

187 2839 362 2928 gerendam
392 2860 459 2905 non
490 2837 756 2923 superstitionem
783 2836 919 2921 habeas,
951 2836 1008 2902 sed
1035 2838 1194 2903 rationem

187 2928 323 2995 ducem?
358 2925 474 2994 Itane?
504 2927 534 2992 si
563 2926 636 3011 quis
666 2925 789 3009 aliquid
817 2947 856 2989 ex
883 2946 942 2990 sua
968 2947 1004 2990 rc
1031 2930 1129 3010 atque
1156 2948 1196 2992 es

147 3082 150 3089 ,
188 3039 246 3083 suo
274 3037 423 3082 sermone
448 3014 565 3080 dmerit
588 3017 621 3079 et
644 3014 712 3079 eius
735 3014 871 3079 verbum
894 3013 1026 3099 aliquod
1048 3020 1124 3100 apte
1147 3037 1195 3080 cc-
1208 3030 1237 3072 ³0

187 3104 302 3173 ciderit
325 3103 365 3170 od
387 3103 429 3186 id,
453 3103 539 3188 quod
561 3123 639 3189 ages
662 3105 720 3167 aut
738 3100 908 3189 cogitabis,
931 3123 969 3167 ea
987 3124 1039 3167 res
1057 3103 1119 3168 tibi
1138 3107 1196 3168 aut

10 3180 11 3203 ¹
135 3204 169 3254 sl
187 3194 338 3259 timorem
370 3192 496 3258 adferet
526 3195 583 3257 aut
615 3190 840 3257 alacritatem?
877 3189 959 3256 Cum
986 3190 1029 3255 M.
1057 3190 1194 3257 Crassus

187 3281 363 3348 exereitum
376 3279 543 3344 Brundisii
559 3280 738 3366 inponeret,
757 3279 887 3364 quidam
905 3279 940 3343 in
958 3284 1055 3364 portu
1073 3279 1195 3346 caricas

188 3368 300 3436 (launo
328 3369 480 3434 advectas
502 3368 643 3434 vendens
665 3365 838 3433 Cauneas
862 3367 1060 3434 clamitabat.
1101 3368 1195 3434 Dica-

188 3479 269 3541 mus,
293 3456 321 3521 si
343 3456 461 3541 placet,
482 3456 643 3522 monitum
666 3456 707 3520 ab
731 3477 768 3522 eo
787 3454 950 3540 Crassum,
974 3459 1128 3542 caueret
1149 3478 1195 3523 ne
1208 3473 1236 3516 ³⁵

188 3545 277 3625 iret3
299 3565 364 3609 non
387 3543 487 3609 luisse
509 3544 698 3628 periturum,
721 3544 750 3608 si
773 3543 872 3608 omini
895 3544 1064 3626 paruisset.
1106 3543 1194 3620 Quae
