2652 3920
194 187 257 253 186
508 225 510 229 >
548 186 597 239 on
616 183 858 241 DIVINATIONE

189 329 319 397 divinae
337 333 446 397 autem
463 329 563 416 paulo
582 329 771 397 obscurior?
799 327 889 407 Quae
902 328 989 394 enim
1006 327 1099 413 extis,
1117 351 1207 415 quae
1307 362 1308 387 1

190 417 384 505 fulgoribus,
408 440 490 505 quae
512 419 684 509 portentis,
707 440 790 504 quae
813 416 912 483 astris
929 417 1207 502 praesentiuntur,
1307 480 1308 499 2

190 507 271 573 haee
288 511 404 573 notata
422 511 499 573 sunt
516 507 743 574 observatione
762 506 924 572 diuturna.
956 505 1073 571 Adfert
1091 509 1207 572 autem
1307 516 1308 575 l

191 599 338 662 vetustas
362 596 513 662 omnibus
535 595 570 661 in
592 596 689 662 rebus
712 595 892 682 longinqua
909 593 1138 660 observatione
1155 595 1206 659 in·
1307 590 1308 677 ξ

191 684 378 750 credibilem
398 683 581 768 scientiam,
600 706 682 770 quae
700 687 810 770 potest
827 704 897 749 esse
911 682 1012 749 etiam
1025 681 1095 748 sine
1110 686 1206 748 motu
1234 699 1250 742 c

192 776 290 857 atque
312 772 445 858 inpulsu
468 772 615 857 deorum,
643 794 729 857 cum,
753 771 891 859 quidex
914 792 1041 857 quoque
1064 771 1205 856 eveniat,
1307 782 1308 845 l

191 865 226 926 et
244 860 321 946 quid
340 882 501 948 quamque
518 882 588 927 rem
605 858 776 949 significet,
794 860 908 926 crebra
922 859 1205 925 animadversione
1307 862 1308 903 ³

141 963 191 1013 110
205 953 411 1035 perspectum
443 952 508 1015 est(
546 948 663 1015 Altera
692 947 849 1015 divinatio
880 951 931 1013 est
958 947 1133 1033 naturalis,
1164 950 1205 1014 ut
1307 958 1308 997 l

192 1041 269 1103 ante
288 1036 368 1122 dixi,
386 1059 469 1122 quae
486 1037 622 1123 physica
636 1036 823 1124 disputandi
836 1034 1020 1104 subtilitate
1033 1035 1204 1103 referenda
1307 1088 1308 1091 η

192 1129 244 1192 est
265 1125 307 1191 ad
328 1128 480 1192 naturam
504 1126 645 1211 deorum,
669 1148 689 1191 a
709 1148 783 1211 qua,
804 1128 843 1191 ut
860 1124 1057 1191 doctissimis
1076 1124 1203 1210 sapien·
1218 1143 1247 1184 ιο

192 1213 392 1301 tissimisque
419 1215 556 1300 placuit,
582 1214 719 1281 haustos
746 1212 873 1281 animos
900 1217 935 1279 et
961 1213 1082 1279 libatos
1105 1213 1204 1280 habe·

193 1324 280 1387 mus3
305 1323 441 1389 cumque
464 1302 574 1369 omnia
596 1303 760 1389 completa
782 1305 815 1367 et
837 1301 959 1368 referta
981 1301 1047 1368 sint
1070 1306 1203 1368 aeterno
1307 1318 1308 1369 l

194 1412 290 1458 sensu
313 1394 349 1458 et·
368 1394 477 1458 mente
500 1391 626 1476 divina,
640 1412 771 1458 neeesse
794 1394 845 1457 est
867 1390 1061 1477 cognatione
1080 1390 1203 1456 divino·
1307 1394 1308 1479 l

192 1501 265 1545 rum
284 1480 467 1546 animorum
484 1479 611 1546 animos
629 1480 789 1547 humanos
808 1477 1013 1546 commoveri.
1045 1474 1109 1544 Sed
1121 1479 1203 1566 vigi·
1307 1508 1308 1561 3

192 1569 299 1634 lantes
328 1568 429 1634 animi
455 1568 542 1634 vitae
568 1568 818 1636 necessitatibus
846 1567 991 1635 serviunt
1017 1566 1245 1654 diiungunt-1⁵
1307 1584 1308 1655 ,

194 1678 256 1741 que
288 1678 322 1723 se
355 1680 376 1722 a
411 1657 567 1724 societate
599 1657 709 1724 divina
740 1655 857 1723 vinclis
884 1654 1030 1741 corporis
1056 1655 1202 1742 inpediti.
1307 1712 1308 1737 ,

141 1745 326 1811 uillarum
349 1749 400 1811 est
423 1746 585 1830 quoddam
609 1766 859 1832 geneseorum,
888 1745 943 1829 qui
966 1764 1001 1810 se
1024 1765 1045 1810 a
1066 1766 1202 1831 corpore

193 1837 331 1900 avocent
348 1836 382 1898 et
401 1834 442 1899 ad
460 1834 642 1899 divmarum
659 1854 768 1900 rerum
786 1832 1006 1920 cognitionem
1022 1853 1100 1899 cura
1113 1835 1202 1899 omni
1307 1846 1308 1917 l

193 1920 565 2007 studioque'rapiantur.
600 1920 729 1988 Horum
752 1925 828 1987 sunt
850 1921 988 2008 auguria
1010 1942 1078 1987 non
1100 1921 1202 1987 divini

192 2010 344 2096 impetus,
367 2010 423 2076 sed
446 2010 582 2076 rationis
605 2010 780 2095 humanae3
801 2030 878 2075 nam
901 2013 935 2075 et
954 2013 1073 2076 natura
1090 2008 1244 2077 futuram
1307 2040 1308 2093 l

215 2100 425 2184 raesentiunt,
447 2103 486 2164 ut
508 2110 665 2184 aquarum
689 2097 853 2164 eluviones
877 2100 910 2163 et
933 2097 1016 2163 defle
1078 2096 1201 2166 tionem
1307 2112 1308 2167 l

191 2122 337 2253 Asturam
366 2187 540 2273 aliquando
568 2187 650 2253 caeli
676 2190 775 2274 atque
802 2189 978 2270 terrarum3
1008 2186 1065 2252 aii
1092 2191 1202 2254 autem

191 2274 227 2342 in
250 2276 440 2361 republica
463 2272 644 2360 exercitati,
671 2280 708 2340 ut
731 2274 770 2341 de
792 2274 987 2341 Atheniensi
1009 2272 1129 2342 Solone
1152 2297 1201 2343 ao·
1307 2274 1308 2355 l

192 2364 347 2450 cepimuS,
370 2364 527 2431 orientem
545 2362 750 2451 tyrannidem
768 2364 873 2429 multo
892 2366 968 2430 ante
986 2363 1202 2450 prospiciunt3
1307 2372 1308 2463 I

193 2475 274 2539 quos
302 2454 477 2541 prudentes
504 2474 676 2540 possumus
704 2452 822 2537 dicere,
848 2450 882 2517 id
912 2455 963 2517 est
984 2452 1199 2538 providentes,
1213 2468 1240 2510 π
1307 2482 1308 2529 l

193 2542 320 2609 divinos
347 2542 439 2608 nullo
467 2541 564 2608 modo
590 2562 777 2627 possumus,
805 2562 872 2607 non
893 2540 969 2627 plus
992 2562 1089 2626 quam
1111 2540 1200 2608 Milo

193 2630 277 2696 sium
299 2629 450 2714 Thalem,
482 2628 551 2715 qui,
582 2633 620 2695 ut
648 2629 874 2716 obiurgatores
897 2649 974 2694 suos
997 2629 1200 2697 convinceret

193 2719 441 2805 ostenderetque
473 2717 571 2783 etiam
603 2718 849 2804 philosophum,
881 2716 910 2782 si
940 2716 970 2783 ei
996 2718 1200 2785 commodum

193 2811 288 2893 esset,
305 2807 477 2895 pecuniam
493 2805 599 2873 facere
613 2827 717 2891 posse,
735 2827 865 2871 omnem
879 2805 994 2885 oleam,
1013 2811 1089 2872 ante
1103 2830 1199 2899 quam
1307 2824 1308 2851 ³

141 2908 192 2959 112
200 2897 318 2963 florere
334 2896 505 2981 coepisset,
521 2895 556 2959 in
569 2915 649 2981 egro
662 2894 791 2963 Milesio
805 2894 961 2960 coemisse
975 2894 1101 2961 dicitur.
1123 2896 1200 2963 Ani·
1211 2910 1240 2954 ω

192 2986 413 3051 madverterct
436 2982 576 3050 fortasse
607 2983 746 3068 quadam
774 2981 909 3049 scientia
936 2982 1082 3050 olearum
1109 2985 1208 3051 uber-'
1307 3026 1308 3081 4

192 3077 296 3140 tatem
317 3071 397 3138 fore.
441 3071 487 3137 Ilt
511 3072 640 3160 quidem
661 3072 748 3139 idem
770 3070 895 3158 primus
918 3070 1130 3140 defectionem
1152 3094 1200 3139 so

192 3162 244 3246 lis,
263 3181 346 3246 quae
359 3160 507 3248 Astyage
524 3164 682 3248 regnante
697 3159 786 3227 fecta
800 3164 859 3247 est,
877 3160 1076 3247 praedixisse
1088 3160 1199 3229 fertur.

140 3250 183 3318 50
259 3248 365 3315 Multa
382 3248 507 3335 medici,
529 3250 635 3316 multa
653 3248 896 3336 gubernatores,
919 3249 1082 3338 agricolae
1101 3250 1199 3316 etiam
1307 3324 1308 3327 Ἴ

197 3338 302 3404 multa
328 3338 565 3427 praesentiunt,
594 3338 651 3404 sed
676 3337 803 3403 nnllam
830 3359 942 3404 eorum
969 3337 1238 3405 divinationemrt
1307 3340 1308 3423 l

192 3446 287 3511 voco,
315 3447 357 3492 ne
387 3426 479 3493 illam
512 3426 655 3512 quidem,
688 3445 752 3511 qua
784 3426 825 3492 ab
853 3424 1097 3493 Anaximandro
1123 3427 1199 3513 phy·
1230 3482 1233 3488 .
1307 3434 1308 3485 l

194 3512 261 3582 sico
292 3514 409 3581 moniti
435 3513 682 3583 Lacedaemonii
713 3517 804 3599 sunt,
835 3517 874 3580 ut
904 3514 1018 3580 urbem
1051 3518 1084 3581 et
1113 3519 1199 3582 tecta
1304 3558 1308 3613 j
