2654 3924
188 177 254 242 300
550 176 599 230 DE
617 176 665 230 RE
682 175 840 232 PUBLICA

187 323 293 387 nostri
319 344 418 408 penes
447 322 594 407 singulos
622 342 692 387 esse
716 322 901 404 voluerunt,
930 342 1068 406 quorum
1090 322 1214 406 ipsum
1310 314 1311 393 J

187 432 307 476 nomen
336 411 403 476 vim
433 432 510 475 suae
539 408 716 495 potestatis
743 409 872 474 indicat.
917 406 1004 474 Nam
1028 410 1213 475 dictator

189 500 318 583 quidem
346 500 388 565 ab
416 521 454 564 eo
483 499 681 583 appellatur,
714 498 790 582 quia
818 497 974 582 dicitur,
1004 499 1060 563 sed
1087 499 1122 563 in
1143 521 1212 565 no-
1310 506 1311 509 ’

189 590 267 653 stris
301 588 393 653 libris
425 587 515 654 vides
548 608 635 666 eum,
665 586 771 669 Laeli,
803 586 1032 672 magistrum
1064 587 1212 672 populi
1310 611 1311 675 ᾗ

190 678 357 761 appellari.
393 676 431 741 L.
450 675 564 760 Video,
585 674 701 760 inquit.
736 673 782 738 Et
802 671 923 760 Scipio:
947 671 1119 761 Sapienter
1140 676 1246 763 igi-s
1310 678 1311 705 ³

189 773 244 831 tur
260 767 312 831 illi
334 769 470 831 veteres.
485 813 493 829 .
507 811 538 830 ..

136 996 178 1060 41
440 905 677 986 [Desiderantcr
694 906 832 988 popinae
853 907 953 987 duca]

139 1076 172 1124 64
190 1059 218 1111 p.
239 1032 302 1112 149]
377 1029 546 1095 ...iusto
570 1029 698 1113 quidem
722 1049 799 1115 rege
822 1050 896 1094 oum
919 1032 969 1093 est
991 1031 1133 1114 populus
1151 1051 1207 1095 or·
1310 1022 1311 1115 i

190 1121 301 1202 batus,
332 1117 507 1203 ‘pectora
534 1117 598 1181 diu
620 1121 731 1182 tenet
755 1117 1013 1202 desiderium,
1046 1118 1131 1184 sicut
1153 1118 1206 1183 ait
1310 1119 1311 1173 i

191 1208 325 1292 Ennius,
349 1208 454 1292 ‘post
477 1205 615 1290 optimi
637 1205 742 1291 regis
766 1204 943 1290 obitum'3
1310 1202 1311 1205 ’

957 1295 1072 1360 simul
1094 1294 1204 1360 inter
1222 1319 1253 1359 ro

236 1384 325 1450 Sese
349 1384 404 1449 sic
426 1385 653 1448 memorant:
684 1381 719 1448 ὀ
742 1380 918 1467 Romule,
945 1382 1104 1448 Romule
1128 1383 1204 1466 die,

236 1473 395 1550 Qualem
417 1475 456 1537 tc
479 1472 631 1557 patriae
655 1471 851 1537 custodem
875 1471 912 1536 di
935 1473 1165 1558 genuerunt!

236 1563 263 1628 0
282 1564 407 1647 potem
430 1581 449 1625 o
497 1560 637 1643 enitor,
660 1580 679 1624 o
699 1581 871 1646 sanguen
890 1559 948 1624 dis
967 1559 1203 1625 oriundum?

192 1651 267 1719 Non
286 1671 372 1716 eros
390 1671 449 1714 nec
468 1581 643 1713 Seminos
663 1648 875 1733 appellabant
892 1669 957 1733 eos,
981 1649 1098 1733 quibus
1116 1648 1203 1714 iuste

192 1742 378 1827 paruerunt,
402 1737 537 1821 denique
561 1757 601 1801 nc
624 1757 736 1822 reges
760 1736 897 1820 quidem,
921 1737 978 1802 sed
999 1737 1127 1823 patriae
1149 1759 1202 1803 cu·
1217 1760 1247 1802 rc

192 1830 315 1912 stodes,
348 1827 404 1891 sed
435 1829 559 1911 patres,
591 1824 648 1890 sed
678 1824 768 1908 deos3
800 1846 858 1889 nec
886 1825 955 1890 sine
983 1846 1093 1910 causa3
1125 1826 1203 1911 quid

191 1947 218 1999 p.
240 1919 304 1998 150]
325 1914 330 2000 Ι
351 1915 437 1980 enim
461 1914 663 1999 adiungunt?

236 2005 290 2069 'Pu
312 2001 534 2089 produxisti
556 2022 624 2066 nos
647 2002 753 2067 intra
775 2002 935 2067 luminis
958 2024 1055 2069 oras.

196 2093 314 2176 Vitam,
336 2092 506 2173 honorem,
530 2090 625 2155 decus
648 2091 712 2155 sibi
735 2091 848 2157 datum
871 2112 942 2156 esse
964 2091 1092 2157 iustitia
1114 2092 1200 2179 regis

192 2180 432 2248 existimabant.
468 2177 644 2243 Mansisset
663 2179 775 2244 eadem
793 2180 945 2244 voluntas
964 2179 999 2244 in
1017 2202 1129 2246 eorum
1146 2203 1200 2266 po
1213 2200 1244 2240 so
1310 2256 1311 2267 ἵ

193 2270 298 2351 cteris,
312 2269 341 2334 si
354 2288 469 2354 regum
482 2267 662 2332 similitudo
676 2268 919 2353 permansisset,
933 2269 990 2333 sed
1003 2269 1093 2335 vides
1107 2269 1199 2334 unius
1310 2271 1311 2343 ἶ

192 2357 355 2423 iniustitia
385 2355 563 2422 concidisse
595 2376 697 2441 genus
724 2356 806 2420 illud
836 2360 943 2421 totum
969 2357 1017 2421 rei
1044 2358 1199 2443 publicae.
1310 2354 1311 2408 i

191 2448 230 2513 L.
247 2445 351 2511 Video
375 2466 461 2528 vero,
483 2444 598 2528 inquit,
622 2447 655 2508 et
677 2443 791 2509 studeo
814 2466 926 2511 cursus
947 2445 1030 2511 istos
1048 2446 1200 2512 mutatio·

191 2565 220 2617 p.
241 2538 305 2616 147]
328 2556 407 2599 num
427 2533 432 2618 Ι
451 2555 518 2597 non
544 2531 650 2619 magis
676 2532 713 2597 in
737 2536 851 2598 nostra
879 2555 976 2618 quam
998 2533 1034 2598 in
1057 2535 1145 2600 omni
1166 2557 1199 2598 re

192 2624 326 2710 publica
347 2643 490 2688 noscere.
1211 2641 1239 2682 rs

140 2683 182 2811 ἓξ
259 2712 304 2777 Et
331 2708 453 2796 Scipio:
485 2709 547 2774 Est
576 2710 722 2793 omnino,
754 2731 827 2774 cum
857 2709 896 2774 de
923 2709 983 2776 illc
1011 2731 1129 2795 genere
1155 2711 1199 2775 rei

193 2801 351 2888 publicae,
375 2800 461 2884 quod
479 2798 618 2864 maxime
636 2800 749 2884 probo,
772 2798 989 2883 quassantia
1011 2798 1131 2882 dixero,
1153 2820 1199 2864 ac·

192 2890 337 2956 curatius
369 2888 451 2953 mihi
482 2886 651 2953 dicendum
683 2885 722 2952 de
754 2886 1063 2952 commutationibus
1095 2908 1198 2952 rerum

191 2978 410 3063 publicarum,
439 2976 501 3041 etsi
527 2975 659 3040 minime
687 2973 783 3040 facilc
811 2997 865 3040 eas
892 2975 928 3039 in
954 2996 993 3040 ea
1015 2974 1198 3060 republica

191 3066 319 3132 futuras
347 3069 436 3150 puto.
481 3061 544 3130 Sed
571 3063 667 3129 huius
695 3062 805 3149 regiae
830 3062 937 3147 prima
964 3066 998 3128 et
1022 3063 1236 3128 certissimam

193 3159 244 3219 est
265 3154 326 3219 illa
349 3152 501 3219 mutatio:
530 3150 611 3218 Cum
635 3173 691 3217 rex
713 3152 854 3216 iniustus
878 3173 948 3216 esse
971 3151 1091 3236 coepit,
1118 3152 1198 3236 perit
1310 3232 1311 3235 Ἴ

192 3243 275 3307 illud
303 3242 378 3306 ilico
408 3262 524 3327 genus,
551 3245 584 3305 et
612 3244 663 3304 est
685 3239 771 3305 idem
793 3240 851 3304 ille
873 3243 1045 3324 tyrannus,
1074 3240 1198 3305 deterri·
1310 3248 1311 3305 t

192 3358 220 3409 p.
237 3333 300 3410 148]
325 3351 414 3393 mum
434 3329 439 3412 Ι
460 3349 563 3415 genus
583 3332 616 3394 et
633 3328 809 3393 finitimum
828 3328 966 3413 optim03
990 3350 1086 3412 quem
1104 3328 1133 3393 si
1150 3350 1198 3413 op·
1310 3364 1311 3389 ᾗ

193 3418 326 3483 timates
346 3419 586 3501 oppresserunt,
606 3416 693 3500 quod
710 3415 812 3480 ferme
832 3415 949 3498 evenit,
968 3415 1068 3480 habet
1082 3420 1197 3481 statum
1224 3456 1226 3461 ι

193 3525 245 3568 res
277 3504 409 3588 publiea
441 3504 480 3568 de
511 3504 617 3568 tribus
650 3502 889 3586 secundarium
921 3507 971 3567 est
998 3503 1084 3568 enim
1112 3505 1234 3588 quasis
