2652 3920
178 188 243 255 218
530 185 581 247 DE
599 184 842 242 DIVINATIONE

177 331 306 398 ratione
330 329 492 417 depellito.
528 329 581 395 Ita
604 334 637 399 te
659 353 718 397 nec
736 335 843 397 terrae
860 330 1012 397 fremitus
1027 353 1088 399 nec
1105 332 1191 398 caeli

179 420 339 486 discessus
364 441 424 486 nec
447 419 593 504 lapideus
616 424 673 484 aut
696 419 892 506 sanguineus
914 419 1020 485 imber
1041 442 1100 486 nec
1122 425 1192 487 tra·
1310 446 1311 487 l

125 521 157 572 or
178 508 275 574 iectio
298 508 414 575 stellae
436 529 496 573 nec
517 507 605 572 faces
628 507 717 573 uisae
739 507 916 573 terrebunt.
954 506 1099 583 Quorum
1120 531 1192 576 om·
1309 490 1311 545 Ι

177 598 268 662 nium
295 618 409 663 causas
438 596 467 661 si
494 618 514 662 a
536 595 718 682 Chrysippo
742 617 909 681 quaeram,
935 596 1008 683 ipse
1028 598 1086 662 ille
1108 597 1191 664 divi·
1310 622 1311 673 3

176 685 326 753 nationis.
357 689 471 752 auctor
505 705 685 768 numquam
719 685 781 750 illa
813 685 900 750 dicet
929 684 1019 752 fecta
1049 684 1189 751 fortuito
1215 706 1233 746 s
1310 748 1311 757 2

176 775 423 858 naturalemque
459 772 620 849 rationem
649 773 794 839 omnium
825 773 951 856 reddet3
984 773 1069 839 nihil
1101 775 1188 840 enim
1310 828 1311 847 ,

177 862 248 928 fieri
277 862 347 928 sine
375 883 473 929 causa
498 865 621 947 potest,
650 883 710 927 nec
733 861 905 946 quicquam
927 862 979 947 fit,
1008 861 1097 947 quod
1116 863 1191 929 fieri
1310 918 1311 933 2

176 974 244 1018 non
270 955 395 1036 potest,
416 972 489 1035 nec,
515 950 545 1015 si
571 950 606 1015 id
632 950 755 1016 factum
778 954 842 1033 est,
869 950 955 1034 quod
977 950 1086 1035 potuit
1107 952 1190 1037 fieri,
1310 958 1311 1039 J

177 1044 366 1125 portentum
399 1040 496 1105 debet
526 1038 642 1123 videri3
672 1038 766 1104 nulla
793 1038 897 1125 igitur
922 1043 1076 1124 portenta
1102 1045 1190 1106 sunt.
1310 1068 1311 1129 g

177 1127 264 1193 Nam
291 1128 333 1213 si,
362 1129 448 1213 quod
475 1150 549 1193 raro
577 1127 629 1211 fit,
657 1126 692 1193 id
713 1131 901 1213 portentum
923 1128 1104 1212 putandum
1127 1133 1189 1213 est,
1203 1149 1231 1188 rc
1310 1138 1311 1209 ᾗ

177 1216 358 1302 sapientem
386 1238 456 1282 esse
482 1219 672 1302 portentum
700 1219 764 1299 est,
793 1215 923 1300 saepius
951 1216 1037 1282 enim
1063 1218 1191 1284 mulam
1310 1286 1311 1297 ,

177 1305 507 1459 ttiltltlltf
522 1303 1191 1478 interamnates
1310 1318 1311 1403 ³

177 1489 250 1551 tum
270 1503 426 1567 umquam
449 1503 537 1565 esse,
560 1504 631 1566 nec,
654 1482 740 1566 quod
762 1482 919 1567 potuerit,
941 1481 975 1547 id
997 1486 1190 1568 portentum
1310 1502 1311 1561 ᾗ

125 1582 158 1632 ot
178 1593 263 1654 esse3
283 1570 333 1635 ita
355 1569 487 1637 omnino
510 1571 637 1635 nullum
661 1591 731 1635 esse
748 1573 946 1654 portentum.
975 1569 1071 1646 Quod
1087 1571 1188 1639 etiam
1202 1590 1229 1632 rs
1310 1644 1311 1647 Ἴ

130 1706 133 1711 <
178 1659 341 1726 coniector
372 1659 504 1743 quidam
536 1663 569 1724 et
600 1658 760 1743 interpres
789 1662 1016 1743 portentorum
1044 1682 1111 1725 non
1140 1660 1194 1725 in··
1310 1732 1311 1737 γ

179 1747 258 1814 scite
281 1748 486 1833 respondisse
510 1746 627 1815 dicitur
650 1747 689 1830 ei,
711 1745 767 1830 qui
790 1747 952 1829 quondam
970 1747 1013 1813 ad
1030 1769 1104 1815 eum
1121 1753 1187 1814 rot·
1310 1748 1312 1833 l

177 1836 308 1901 tulisset
340 1836 435 1920 quasi
466 1839 645 1918 ostentum,
677 1834 763 1919 quod
796 1835 911 1922 unguis
945 1834 1033 1902 domi
1060 1841 1188 1905 uectem
1310 1838 1311 1907 l

178 1925 400 1992 circumiectus
431 1924 561 1989 fuisset:
594 1923 700 1988 ‘Tum
729 1924 857 2008 esset',
889 1924 1009 2008 inquit,
1042 1924 1187 1992 ‘ostem
1310 1940 1311 1979 1

176 2017 270 2097 tum,
293 2012 326 2078 si
349 2033 511 2098 anguem
533 2011 657 2077 vectis
679 2011 1082 2096 circumplicavisset.'
1113 2012 1186 2080 Hoc
1199 2033 1227 2073 ¹⁰
1310 2044 1311 2083 2

176 2102 233 2167 ille
260 2122 417 2185 responso
446 2100 527 2166 satis
556 2104 668 2184 aperte
695 2100 874 2167 declaravit
895 2101 978 2168 nihil
1001 2101 1186 2169 habendum
1310 2094 1311 2165 l

178 2211 258 2273 esse,
280 2189 367 2274 quod
389 2188 460 2253 fieri
482 2192 603 2274 posset,
626 2190 800 2257 ostentum.

178 2366 296 2453 guibus
324 2365 412 2431 domi
439 2365 667 2450 conprehensis
695 2365 884 2451 haruspices
911 2371 1046 2451 epatre
1069 2390 1192 2434 coum-2¹

177 2458 278 2520 catos.
319 2451 381 2529 Qui
404 2454 510 2540 magis
533 2454 694 2539 angui-bus
718 2475 815 2538 qnam
838 2454 978 2539 lacertis,
1001 2476 1099 2540 quam
1116 2475 1226 2522 mure

178 2542 290 2608 ribus?
331 2541 415 2618 Quia
444 2547 520 2608 sunt
546 2542 626 2608 haec
654 2543 829 2626 cotidiana,
858 2564 980 2629 angues
1003 2565 1070 2609 non
1087 2544 1186 2630 item3

1310 2186 1311 2217 l

125 2282 167 2348 29
231 2277 266 2346 C.
283 2276 447 2343 Gracchus
471 2277 512 2343 ad
529 2276 575 2341 Mt
590 2276 805 2361 Pomponium
828 2276 960 2363 scripsit
982 2278 1107 2345 dnobus
1130 2301 1188 2348 one

1309 2494 1311 2549 ι

178 2631 272 2716 quasi
298 2653 375 2696 vero
399 2631 532 2715 referat,
560 2630 646 2714 quod
668 2630 739 2696 lieri
761 2635 884 2715 potest,
911 2653 1009 2715 quam
1031 2632 1066 2697 id
1088 2654 1185 2718 saepe

177 2720 245 2785 fiat.
289 2718 363 2807 Ego
395 2723 505 2785 tamen
536 2719 650 2802 miror,
682 2719 711 2784 si
743 2719 873 2785 emissio
900 2718 1040 2787 feminae
1068 2722 1184 2808 anguis
1310 2720 1311 2783 ἶ

133 2819 136 2823 ’
177 2811 318 2874 mortem
343 2808 512 2875 adferebat
534 2807 582 2873 Ti.
605 2805 766 2891 Graccho,
794 2808 924 2873 emissio
952 2812 1062 2875 autem
1084 2810 1184 2876 maris

178 2896 294 2982 anguis
323 2901 394 2963 erat
420 2895 589 2962 mortifera
616 2893 801 2980 Corneliae,
828 2918 885 2962 cur
911 2896 1049 2962 alteram
1076 2903 1184 2965 utram
1196 2916 1229 2959 so

177 2984 336 3068 emiserit3
358 2984 441 3049 nihil
463 2985 550 3049 enim
573 2983 688 3051 scribit
709 2984 914 3069 respondisse
936 2984 1134 3072 haruspices,
1156 2986 1184 3053 si

176 3077 291 3138 neuter
314 3074 430 3159 anguis
454 3072 590 3137 emissus
614 3075 713 3156 esset,
736 3072 814 3157 quid
836 3076 922 3139 esset
943 3072 1098 3141 futurum.
1138 3073 1185 3142 At

177 3184 266 3227 mors
294 3160 441 3228 insecuta
468 3160 650 3227 Gracchum
676 3165 736 3226 est.
777 3159 884 3227 Causa
911 3161 1054 3246 quidem,
1081 3164 1184 3248 credo,

178 3250 289 3333 aliqua
315 3249 422 3315 morbi
449 3250 623 3335 gravioris,
649 3270 716 3314 non
738 3248 910 3315 emissione
932 3251 1107 3335 serpentis3
1132 3273 1184 3318 ne
1310 3252 1311 3283 ³

178 3359 240 3422 que
263 3337 350 3403 enim
372 3341 467 3403 tanta
489 3342 539 3404 est
561 3337 735 3404 infelicitas
755 3337 973 3423 haruspicum,
995 3344 1091 3405 utne
1109 3359 1224 3410 casua
1310 3334 1311 3401 l

125 3474 169 3539 30
179 3424 310 3510 quidem
333 3448 488 3510 umquam
509 3427 578 3511 fiat,
601 3425 688 3510 quod
709 3425 855 3497 futurum
873 3425 924 3492 illi
945 3448 1016 3493 esse
1036 3427 1184 3496 dixerint.

125 3552 158 3600 53
179 3511 266 3578 Nam
288 3512 370 3578 illud
390 3515 535 3602 mirarer,
558 3515 587 3582 si
604 3513 776 3598 crederem,
800 3513 886 3599 quod
902 3515 990 3605 apud
1006 3513 1185 3585 Homerum
