2654 3924
396 240 398 245 ν
498 210 821 288 cnP.a-s.ss-1o.
1094 223 1160 287 255

148 363 215 450 peii
236 364 347 450 potius
371 387 469 450 quam
491 364 526 431 in
549 387 663 451 campo
687 366 912 431 ambulemus?
935 369 1042 432 tecum
1062 389 1159 451 quam

148 476 222 519 cum
250 453 338 519 alio?
374 453 487 518 Idibus
514 455 624 537 potius
648 476 746 538 quam
769 453 948 519 Kalendis?
989 453 1035 520 Ut
1057 455 1160 540 igitur

149 542 190 608 ad
214 542 373 626 quasdam
395 564 447 606 res
470 547 589 607 natura
610 544 674 607 loci
691 543 834 628 pertinet
853 543 984 627 aliquid,
1008 544 1048 608 ad
1067 565 1160 627 quas-

150 630 225 696 dam
248 634 358 695 autem
382 630 474 714 nibil,
497 631 543 696 sic
568 635 731 695 astrorum
750 631 889 696 adfectio
912 631 1030 714 valeat,
1054 633 1083 696 si
1100 633 1160 716 vis,

123 719 191 784 cad
210 719 367 802 quasdam
385 740 446 801 res,
466 719 506 783 ad
525 720 630 784 omnis
650 723 736 784 certe
754 741 821 784 non
839 720 971 784 valebit.
999 720 1046 785 At
1065 721 1160 802 enim,

151 807 303 892 qnoniam
327 807 360 871 in
382 807 510 872 naturis
532 807 700 873 hominum
719 807 997 872 dissimilitudines
1017 814 1101 894 sunt,
1124 813 1161 873 ut

150 897 233 961 alios
258 895 377 977 dulcia,
405 896 487 961 alios
512 897 686 961 subamara
709 896 884 980 delectent,
907 897 966 961 alii
987 896 1161 981 libidinosi,

150 984 208 1050 alii
225 984 371 1049 iracundi
391 989 448 1049 aut
465 985 609 1050 crudeles
624 989 681 1049 aut
696 985 827 1070 superbi
841 985 916 1068 sint,
935 984 991 1049 alii
1002 1007 1026 1050 a
1039 986 1160 1050 talibus

149 1072 239 1137 vitiis
264 1073 475 1158 abhorreant,
498 1111 542 1120 -
565 1074 720 1158 quoniam
743 1073 858 1159 igitur,
885 1073 1005 1159 inquit,
1032 1078 1164 1139 tantum

111 1179 137 1220 a
150 1164 269 1226 natura
292 1164 452 1226 erratura
475 1161 584 1245 distat,
608 1162 684 1246 quid
708 1162 826 1226 mirum
850 1165 900 1226 est
918 1162 979 1226 has
998 1162 1160 1227 dissimili·
1188 1208 1193 1219 x

149 1249 278 1315 tudines
302 1271 340 1314 ex
364 1249 586 1314 differentibus
610 1250 715 1314 causis
739 1271 809 1314 esse
832 1249 961 1315 factas?
1046 1257 1049 1260 ’
1179 1303 1201 1368 5

215 1337 305 1403 Haec
329 1338 497 1421 disserena,
519 1361 583 1423 qua
606 1339 645 1403 de
668 1361 703 1403 re
727 1343 853 1424 agatur,
877 1343 909 1403 et
927 1339 962 1402 in
981 1360 1044 1422 quo
1063 1361 1195 1430 causa„

150 1427 323 1511 consistat,
350 1448 416 1492 non
438 1427 534 1491 videt.
577 1425 654 1491 Non
677 1427 776 1508 enim,
805 1427 833 1490 si
855 1427 913 1491 alii
937 1427 977 1491 ad
1001 1428 1066 1492 alia
1088 1450 1160 1513 pro-

149 1516 315 1600 pensiores
335 1519 412 1580 sunt
429 1519 564 1601 propter
578 1536 693 1580 causas
707 1515 867 1579 naturalis
882 1519 915 1580 et
932 1515 1161 1600 antecedentis,

51 1612 54 1615 ’
110 1621 137 1662 1⁵
150 1604 268 1669 idcireo
297 1603 396 1668 etiam
423 1607 611 1668 nostrarum
639 1604 847 1669 voluntatum
871 1607 968 1688 atque
992 1604 1161 1690 adpetitio·

150 1715 228 1757 nam
247 1696 323 1757 sant
342 1713 458 1757 causae
476 1693 643 1757 naturales
663 1695 696 1756 et
715 1693 948 1756 antecedentes.
978 1691 1064 1757 Nam
1077 1693 1161 1757 nihil

151 1785 236 1846 esset
257 1781 294 1845 in
315 1784 430 1846 nostra
452 1784 626 1865 potestate,
650 1780 679 1844 si
701 1780 749 1845 ita
767 1802 802 1844 se
820 1802 872 1844 res
890 1781 1035 1846 haberet.
1067 1779 1161 1846 Nunc

149 1891 226 1934 vero
248 1869 405 1953 fatemur,
429 1869 515 1934 acuti
536 1869 719 1952 hebetesne,
742 1870 889 1934 valentes
911 1869 1097 1934 inbecilline
1121 1869 1161 1934 si-

150 1979 231 2041 mus,
248 1978 315 2023 non
334 1980 404 2022 esse
423 1958 456 2022 id
474 1958 507 2022 in
526 1958 630 2022 nobis.
661 1956 723 2033 Qui
742 1962 851 2022 autem
865 1979 904 2022 ex
918 1979 956 2022 eo
971 1959 1043 2043 cogi
1056 1961 1161 2043 putat,

110 2065 137 2105 πο
151 2069 191 2112 ne
222 2050 260 2111 ut
292 2046 461 2111 sedeamus
494 2046 623 2130 quidem
656 2050 713 2110 aut
745 2046 949 2111 ambulemus
980 2047 1161 2112 voluntatis

151 2157 237 2221 esse,
266 2136 294 2200 is
316 2157 383 2201 non
404 2135 507 2218 videt,
532 2157 614 2220 quae
638 2156 799 2219 quamque
822 2157 891 2199 rem
913 2157 965 2200 res
987 2157 1161 2220 consequa·

150 2229 212 2290 tur.
248 2222 295 2290 Ut
324 2224 410 2289 enim
433 2227 466 2289 et
489 2223 650 2310 ingeniosi
673 2227 707 2288 et
729 2223 816 2288 tardi
838 2224 887 2288 ita
908 2227 1084 2288 nascantur
1107 2246 1161 2289 an·

150 2313 371 2379 tecedentibus
395 2312 500 2377 causis
523 2314 667 2396 itemque
689 2313 837 2377 valentes
861 2315 894 2377 et
915 2312 1073 2397 inbecilli,
1095 2334 1161 2378 non

19 2470 21 2474 ,
152 2402 297 2486 sequitur
325 2406 447 2486 tamen,
474 2404 511 2464 ut
541 2402 640 2465 etiam
669 2401 779 2465 sedere
803 2422 857 2465 eos
881 2403 915 2464 et
938 2401 1105 2465 ambulare
1128 2404 1161 2465 et

111 2506 138 2548 2⁶
152 2512 220 2554 rem
248 2511 344 2576 agere
368 2489 511 2574 aliquam
534 2489 768 2574 principalibus
799 2488 905 2554 causis
933 2489 1100 2553 definitum
1128 2493 1161 2553 et

151 2579 365 2643 constitutam
389 2578 440 2642 sit.
483 2575 675 2662 Stilponem,
697 2576 897 2663 Megaricum
919 2577 1213 2663 philosophamur

152 2671 283 2731 acutum
313 2688 390 2730 sane
416 2666 582 2730 hominem
610 2670 644 2729 et
670 2665 846 2750 probatum
869 2666 1070 2751 temporibus
1093 2665 1161 2730 illis

153 2754 343 2840 accepimns.
379 2753 475 2820 Hanc
498 2753 644 2819 scribunt
669 2754 772 2838 ipsius
794 2753 974 2819 familiares
1003 2757 1036 2818 et
1059 2753 1162 2819 ebrio·

152 2864 224 2908 sum
252 2846 287 2907 et
308 2843 517 2908 mulierosum
537 2840 654 2924 fuisse,
681 2864 785 2928 neque
808 2843 888 2908 haec
912 2842 1057 2907 scribunt
1079 2842 1162 2907 ritu·

112 2947 139 2988 ³⁰
151 2934 317 3018 perantes,
341 2931 397 2995 sed
419 2931 529 3017 potius
553 2930 594 2995 ad
616 2930 759 3014 laudem3
785 2931 939 2996 vitiosam
962 2930 1047 2995 enim
1069 2935 1162 2996 natu·

151 3043 223 3086 ram
246 3020 287 3085 ab
312 3041 350 3084 eo
374 3019 420 3084 sic
443 3018 619 3084 edomitam
638 3022 671 3083 et
690 3041 897 3104 conpressam
916 3040 986 3084 esse
1006 3018 1161 3103 doctrina,

76 3141 79 3147 ·
150 3113 188 3174 nt
210 3130 305 3174 nemo
329 3130 483 3192 umquam
506 3107 709 3172 vinulentum
731 3107 834 3191 illum,
856 3129 952 3173 nemo
974 3107 1010 3172 in
1029 3129 1071 3173 eo
1090 3108 1162 3173 libi·

151 3197 236 3262 dinis
253 3196 430 3283 vestigium
444 3195 571 3261 viderit.
603 3194 708 3270 Quid?
730 3193 888 3261 Socraten
901 3218 1008 3261 nonne
1022 3195 1161 3282 legimns

152 3308 248 3370 quem
272 3285 468 3351 admodum
490 3283 615 3349 notarit
637 3284 782 3369 Zopyrus
805 3284 1080 3372 physiognomon,
1107 3285 1163 3369 qui

113 3389 138 3434 ιε
153 3395 187 3439 ae
205 3374 421 3459 profitebatur
438 3372 606 3437 hominum
625 3394 732 3437 mores
749 3377 947 3458 naturasque
966 3395 1004 3438 ex
1018 3394 1162 3458 corpore,

152 3462 264 3544 oculis,
287 3463 390 3546 vultu,
413 3461 521 3527 fronte
541 3461 754 3547 pernoscere?
778 3462 943 3547 stupidum
963 3483 1032 3526 esse
1051 3458 1162 3527 Socra·

152 3554 208 3616 ten
232 3550 313 3615 dixit
337 3554 370 3615 et
392 3550 543 3634 bardum,
572 3550 657 3634 qaod
679 3549 799 3634 iugula
815 3572 956 3670 concava
977 3571 1044 3615 non
1065 3550 1162 3614 habe·
