2652 3908
368 210 434 266 ule.
453 211 502 267 11L
525 211 603 266 cAP.
622 217 737 268 as-ao.
758 218 776 279 s
795 218 909 269 rr-ro.
1080 211 1145 277 133

135 352 220 430 Quid
243 354 344 440 ergo?
366 355 424 420 isti
446 355 528 441 doli,
550 357 650 442 quid?
672 356 851 442 machinae,
873 356 973 444 quid?
993 355 1145 423 fallaciae

134 442 414 529 praestrigiaeque
440 465 520 509 num
547 444 616 512 sine
642 446 770 513 ratione
793 466 864 512 esse
886 446 1085 532 potuerunt?
1116 443 1145 511 0

134 531 340 617 praeclarum
361 554 479 598 munus
502 533 648 599 deorum!
671 538 710 599 ut
731 534 886 601 Phormio
904 534 1010 621 possit
1028 533 1146 599 dicere:

201 636 303 705 Cedo
326 659 468 723 senem3
489 638 566 705 iarn
584 641 782 707 instructa
800 643 891 707 sunt
908 640 959 706 mi
976 640 1016 705 in
1033 637 1146 706 cdrde

774 729 944 795 consilia
965 729 1116 794 omnia⁴

1157 815 1200 882 30

109 849 199 918 sSed
222 873 374 918 exeamus
398 874 416 918 e
438 851 585 938 theatro,
606 853 774 920 veniamus
796 853 832 919 in
852 851 970 919 forum.
1015 849 1201 943 sessum-14

135 941 164 1005 it
185 945 327 1026 praetor.
365 938 450 1016 Quid
471 946 510 1006 nt
531 940 712 1008 iudicetur?
744 940 807 1018 Qui
824 942 1025 1008 tabularium
1042 942 1148 1007 incen-

31 1047 39 1053 ·
137 1029 230 1094 derit.
266 1027 359 1105 Quod
380 1028 507 1096 facinus
526 1030 707 1117 occultius?
738 1028 777 1096 Id
795 1051 830 1096 se
849 1028 885 1106 Q.
902 1027 1024 1115 Sosius,
1042 1029 1149 1115 splen·

137 1117 230 1183 didus
249 1139 346 1203 eques
360 1117 527 1184 Romanus
546 1140 585 1185 ex
603 1140 685 1207 agro
698 1117 826 1204 Piceno,
847 1117 963 1185 fecisse
981 1117 1148 1185 confessus

65 1235 67 1238 ⁴
137 1209 198 1272 est.
238 1204 300 1282 Qui
322 1207 585 1293 transscripserit
607 1207 739 1273 tabulas
760 1207 919 1295 publicas.
959 1206 998 1273 Id
1018 1227 1148 1293 qnoque

98 1315 124 1354 ιο
136 1293 172 1360 L.
186 1294 309 1360 Alenus
322 1296 497 1380 faciteam
511 1294 765 1383 chirographum
779 1317 836 1362 sex
848 1296 1029 1382 primorum
1042 1294 1148 1361 imita·

136 1387 272 1450 tuaest
309 1382 394 1460 Quid
414 1383 478 1450 hoc
499 1382 631 1450 homine
652 1384 842 1451 sollertius?
878 1381 1047 1471 Cognosce
1065 1384 1149 1449 alias

138 1473 353 1558 quaestiones,
376 1472 447 1538 auri
464 1472 646 1558 Tolossani,
668 1473 902 1540 coniurationis
920 1471 1149 1560 Iugurthinae3

136 1563 247 1646 repete
279 1559 460 1647 superiora,
492 1559 613 1626 Tubuli
644 1560 683 1627 de
712 1562 849 1648 pecunia
879 1565 976 1647 capta
1007 1562 1050 1627 ob
1079 1582 1149 1626 rem

137 1648 350 1734 iudicandam,
372 1650 564 1735 posteriora,
583 1650 622 1715 de
639 1650 766 1717 incestu
783 1650 956 1739 rogatione
972 1648 1150 1735 Peducaeo,

98 1757 123 1798 ιε
137 1743 208 1803 tum
226 1737 306 1805 haec
319 1738 492 1824 cotidiana,
515 1738 609 1823 sicae,
632 1738 756 1824 veneni,
777 1739 957 1826 peculatus,
973 1742 1149 1805 testamen·

137 1831 246 1892 torum
274 1827 374 1893 etiam
401 1825 475 1913 lege
496 1848 584 1893 nova
606 1828 821 1913 quaestiones.
866 1826 946 1894 Inde
967 1827 1027 1893 illa
1049 1827 1149 1893 actio:

138 1932 205 1982 orn
225 1931 456 1994 consunoome
475 1932 546 1983 ruo
564 1934 709 1984 sunnon
726 1934 787 1984 alo
805 1932 949 1983 sacrun
962 1933 1056 2000 ussa,
1073 1915 1148 1982 inde

137 2007 190 2069 tot
210 2003 330 2071 iudicia
352 2004 392 2069 de
414 2003 477 2069 fide
499 2004 602 2090 mala,
623 2005 762 2090 tutelae,
784 2004 944 2089 mandati,
966 2027 1027 2091 pro
1050 2005 1148 2089 socio,

137 2092 282 2179 fiduciae,
304 2093 439 2178 reliqua,
462 2114 544 2179 quae
567 2115 606 2159 ex
629 2097 740 2180 empto
763 2099 821 2160 aut
842 2094 974 2160 vendito
997 2096 1056 2159 aut
1076 2114 1149 2160 eon·

98 2200 125 2239 ²0
138 2181 234 2248 ducto
267 2185 325 2248 aut
356 2181 465 2248 locato
497 2186 612 2249 contra
639 2181 736 2248 fidem
766 2182 862 2268 fiunt,
893 2181 969 2249 inde
994 2181 1149 2249 iudicium

136 2270 304 2356 publicum
326 2270 375 2336 rei
392 2271 540 2357 privatae
558 2271 632 2359 lege
643 2270 821 2356 Plaetoria,
842 2269 918 2337 inde
935 2270 1149 2338 everriculum

138 2359 341 2425 malitiarum
372 2359 534 2444 omnium,
564 2359 720 2426 indicium
752 2358 791 2426 de
823 2359 896 2426 dolo
929 2359 1032 2444 malo,
1063 2359 1150 2444 quod

138 2446 173 2513 O.
196 2447 376 2534 Aquillius,
397 2445 572 2513 familiaris
594 2452 716 2533 noster,
737 2448 891 2534 protulit3
919 2470 1015 2534 quem
1038 2447 1150 2513 dolum

137 2535 225 2601 idem
243 2535 409 2621 Aquillius
430 2537 502 2600 tum
524 2536 629 2601 teneri
649 2540 756 2622 putat,
778 2559 852 2603 oum
874 2537 963 2603 aliud
985 2537 1030 2602 sit
1053 2537 1149 2603 simu·

98 2641 125 2682 ss
139 2625 253 2708 latum,
276 2624 365 2689 aliud
388 2628 505 2690 actum.
540 2623 636 2690 Hanc
656 2625 759 2712 igitur
777 2629 906 2692 tantam
923 2648 946 2692 a
962 2624 1012 2691 dis
1030 2624 1149 2690 inmor-
1169 2635 1201 2688 to

138 2712 262 2778 talibus
294 2711 493 2791 arbitramur
520 2712 681 2778 malorum
709 2714 881 2779 sementim
908 2735 979 2780 esse
1006 2713 1150 2779 factam?

139 2798 175 2866 Si
204 2801 290 2877 enim
321 2800 483 2867 rationem
510 2800 698 2867 hominibus
729 2802 762 2866 di
789 2802 959 2887 dederunt,
988 2801 1150 2868 malitiam

139 2890 309 2973 dederunt,
332 2893 383 2955 est
405 2888 491 2955 enim
513 2889 643 2956 malitia
664 2895 796 2956 versuta
818 2894 853 2956 et
869 2890 972 2957 fallax
990 2889 1076 2957 ratio
1094 2912 1151 2956 no·

137 2978 244 3064 cendi;
265 2977 365 3044 iidem
388 2978 488 3043 etiam
510 2977 544 3044 di
565 2978 713 3047 fraudem
736 2979 902 3064 dederunt,
924 2979 1050 3045 facinus
1068 2982 1150 3044 cete-

96 3085 124 3125 30
137 3090 247 3153 taque,
270 3088 409 3153 quorum
430 3065 514 3132 nihil
536 3088 596 3132 nec
616 3067 738 3153 suscipi
756 3067 825 3135 sine
843 3068 970 3135 ratione
987 3088 1047 3134 nee
1065 3067 1151 3135 effici
1277 3086 1280 3093 ·

136 3160 257 3243 potest.
303 3152 493 3222 ‘Utinam'
516 3152 628 3242 igibus,
650 3159 689 3221 nt
710 3156 771 3222 illa
793 3178 875 3223 anus
898 3160 1002 3243 optat,

510 3283 556 3328 ne
579 3263 618 3327 in
639 3284 793 3330 nemore
816 3261 926 3330 Pelio
949 3263 1150 3330 securibus

209 3349 354 3419 Caesae
399 3350 637 3418 accidissent
681 3351 962 3507 abiegpppesad
1006 3353 1150 3418 terrim

914 3490 924 3527 7

137 3544 184 3610 sic
205 3545 306 3610 istam
328 3546 542 3612 calliditatem
565 3545 753 3612 hominibus
772 3545 806 3611 di
823 3568 865 3611 ne
884 3545 1061 3610 dedissent!
1085 3565 1150 3624 qua
