<?xml version="1.0" encoding="UTF-8"?>
<!DOCTYPE html PUBLIC "-//W3C//DTD XHTML 1.0 Transitional//EN"
    "http://www.w3.org/TR/xhtml1/DTD/xhtml1-transitional.dtd">
<html xmlns="http://www.w3.org/1999/xhtml" xml:lang="en" lang="en">
 <head>
  <title>
</title>
<meta http-equiv="Content-Type" content="text/html;charset=utf-8" />
  <meta name='ocr-system' content='tesseract 3.04.00' />
  <meta name='ocr-capabilities' content='ocr_page ocr_carea ocr_par ocr_line ocrx_word'/>
</head>
<body>
  <div class='ocr_page' id='page_1' title='image "./mtulliiciceroni00salegoog_0488.png"; bbox 0 0 2654 3912; ppageno 0'>
   <div class='ocr_carea' id='block_1_1' title="bbox 313 215 1138 315">
    <p class='ocr_par' dir='ltr' id='par_1_1' title="bbox 313 215 1138 315">
     <span class='ocr_line' id='line_1_1' title="bbox 313 215 1138 315; baseline 0.012 -16"><span class='ocrx_word' id='word_1_1' title='bbox 313 215 315 219; x_wconf 31' lang='lat'><strong><em>¹</em></strong></span> <span class='ocrx_word' id='word_1_2' title='bbox 398 247 866 315; x_wconf 73' lang='lat' dir='ltr'>Lrss.111.0AP.a,4.ce-10.</span> <span class='ocrx_word' id='word_1_3' title='bbox 1071 247 1138 311; x_wconf 77' lang='lat'>435</span> 
     </span>
    </p>
   </div>
   <div class='ocr_carea' id='block_1_2' title="bbox 133 366 1139 743">
    <p class='ocr_par' dir='ltr' id='par_1_2' title="bbox 133 366 1139 743">
     <span class='ocr_line' id='line_1_2' title="bbox 133 366 1139 477; baseline 0 -20"><span class='ocrx_word' id='word_1_4' title='bbox 133 393 251 475; x_wconf 88' lang='lat' dir='ltr'>les,t</span> <span class='ocrx_word' id='word_1_5' title='bbox 236 396 382 475; x_wconf 87' lang='lat' dir='ltr'>teneto,</span> <span class='ocrx_word' id='word_1_6' title='bbox 414 393 524 477; x_wconf 88' lang='lat' dir='ltr'>isque</span> <span class='ocrx_word' id='word_1_7' title='bbox 556 413 624 457; x_wconf 88' lang='lat' dir='ltr'>ave</span> <span class='ocrx_word' id='word_1_8' title='bbox 654 390 820 455; x_wconf 87' lang='lat' dir='ltr'>sinistra</span> <span class='ocrx_word' id='word_1_9' title='bbox 847 391 974 456; x_wconf 85' lang='lat' dir='ltr'>dictus</span> <span class='ocrx_word' id='word_1_10' title='bbox 1002 366 1139 476; x_wconf 89' lang='lat' dir='ltr'>populi</span> 
     </span>
     <span class='ocr_line' id='line_1_3' title="bbox 133 478 1139 582; baseline -0.001 -37"><span class='ocrx_word' id='word_1_11' title='bbox 133 481 321 582; x_wconf 82' lang='lat' dir='ltr'>magister</span> <span class='ocrx_word' id='word_1_12' title='bbox 340 485 437 545; x_wconf 88' lang='lat' dir='ltr'>esto</span> <span class='ocrx_word' id='word_1_13' title='bbox 430 480 752 581; x_wconf 80' lang='lat' dir='ltr'>,equitatumque</span> <span class='ocrx_word' id='word_1_14' title='bbox 772 478 836 564; x_wconf 90' lang='lat' dir='ltr'>qui</span> <span class='ocrx_word' id='word_1_15' title='bbox 853 483 979 580; x_wconf 82' lang='lat' dir='ltr'>regat,</span> <span class='ocrx_word' id='word_1_16' title='bbox 996 478 1139 544; x_wconf 85' lang='lat' dir='ltr'>habeto</span> 
     </span>
     <span class='ocr_line' id='line_1_4' title="bbox 133 567 1139 654; baseline -0.003 -20"><span class='ocrx_word' id='word_1_17' title='bbox 133 571 220 654; x_wconf 87' lang='lat' dir='ltr'>pari</span> <span class='ocrx_word' id='word_1_18' title='bbox 242 570 327 634; x_wconf 88' lang='lat' dir='ltr'>iure</span> <span class='ocrx_word' id='word_1_19' title='bbox 350 591 442 639; x_wconf 84' lang='lat' dir='ltr'>cum</span> <span class='ocrx_word' id='word_1_20' title='bbox 455 590 511 652; x_wconf 87' lang='lat' dir='ltr'>ec,</span> <span class='ocrx_word' id='word_1_21' title='bbox 535 568 762 652; x_wconf 75' lang='lat' dir='ltr'>quicumque</span> <span class='ocrx_word' id='word_1_22' title='bbox 781 568 884 632; x_wconf 87' lang='lat' dir='ltr'>erit</span> <span class='ocrx_word' id='word_1_23' title='bbox 875 568 972 632; x_wconf 77' lang='lat' dir='ltr'>ruris</span> <span class='ocrx_word' id='word_1_24' title='bbox 992 567 1139 653; x_wconf 89' lang='lat' dir='ltr'>discep-</span> 
     </span>
     <span class='ocr_line' id='line_1_5' title="bbox 133 657 913 743; baseline -0.001 -21"><span class='ocrx_word' id='word_1_25' title='bbox 133 662 192 723; x_wconf 88' lang='lat' dir='ltr'>tat</span> <span class='ocrx_word' id='word_1_26' title='bbox 198 680 251 722; x_wconf 91' lang='lat' dir='ltr'>or·</span> <span class='ocrx_word' id='word_1_27' title='bbox 244 657 418 742; x_wconf 87' lang='lat' dir='ltr'>,reliqui</span> <span class='ocrx_word' id='word_1_28' title='bbox 440 657 699 743; x_wconf 75' lang='lat' dir='ltr'>magistratus</span> <span class='ocrx_word' id='word_1_29' title='bbox 722 679 767 721; x_wconf 91' lang='lat' dir='ltr'>ne</span> <span class='ocrx_word' id='word_1_30' title='bbox 791 659 913 722; x_wconf 87' lang='lat' dir='ltr'>sunto</span> 
     </span>
    </p>
   </div>
   <div class='ocr_carea' id='block_1_3' title="bbox 96 761 1141 1643">
    <p class='ocr_par' dir='ltr' id='par_1_3' title="bbox 106 761 1140 1114">
     <span class='ocr_line' id='line_1_6' title="bbox 106 761 1140 847; baseline 0.001 -21"><span class='ocrx_word' id='word_1_31' title='bbox 106 785 120 826; x_wconf 78' lang='lat' dir='ltr'>s</span> <span class='ocrx_word' id='word_1_32' title='bbox 200 761 272 827; x_wconf 83' lang='lat' dir='ltr'>Ast</span> <span class='ocrx_word' id='word_1_33' title='bbox 295 762 444 846; x_wconf 87' lang='lat' dir='ltr'>quando</span> <span class='ocrx_word' id='word_1_34' title='bbox 464 762 643 827; x_wconf 88' lang='lat' dir='ltr'>consules</span> <span class='ocrx_word' id='word_1_35' title='bbox 663 761 899 847; x_wconf 87' lang='lat' dir='ltr'>magisterve</span> <span class='ocrx_word' id='word_1_36' title='bbox 917 761 1055 847; x_wconf 88' lang='lat' dir='ltr'>populi</span> <span class='ocrx_word' id='word_1_37' title='bbox 1072 783 1140 828; x_wconf 88' lang='lat' dir='ltr'>nec</span> 
     </span>
     <span class='ocr_line' id='line_1_7' title="bbox 134 850 1140 936; baseline -0.001 -19"><span class='ocrx_word' id='word_1_38' title='bbox 134 854 282 933; x_wconf 91' lang='lat' dir='ltr'>escunt,</span> <span class='ocrx_word' id='word_1_39' title='bbox 316 851 491 936; x_wconf 84' lang='lat' dir='ltr'>auspicia</span> <span class='ocrx_word' id='word_1_40' title='bbox 517 854 672 935; x_wconf 86' lang='lat' dir='ltr'>patrum</span> <span class='ocrx_word' id='word_1_41' title='bbox 701 854 830 933; x_wconf 78' lang='lat' dir='ltr'>sumtu,</span> <span class='ocrx_word' id='word_1_42' title='bbox 857 850 1005 935; x_wconf 87' lang='lat' dir='ltr'>cllique</span> <span class='ocrx_word' id='word_1_43' title='bbox 1033 872 1073 916; x_wconf 88' lang='lat' dir='ltr'>ec</span> <span class='ocrx_word' id='word_1_44' title='bbox 1102 871 1140 916; x_wconf 89' lang='lat' dir='ltr'>se</span> 
     </span>
     <span class='ocr_line' id='line_1_8' title="bbox 133 938 1140 1027; baseline 0 -23"><span class='ocrx_word' id='word_1_45' title='bbox 133 940 340 1027; x_wconf 88' lang='lat' dir='ltr'>produnto,</span> <span class='ocrx_word' id='word_1_46' title='bbox 369 940 433 1024; x_wconf 90' lang='lat' dir='ltr'>qui</span> <span class='ocrx_word' id='word_1_47' title='bbox 460 939 668 1005; x_wconf 90' lang='lat' dir='ltr'>comitiatu</span> <span class='ocrx_word' id='word_1_48' title='bbox 695 959 826 1004; x_wconf 89' lang='lat' dir='ltr'>creare</span> <span class='ocrx_word' id='word_1_49' title='bbox 856 939 1036 1004; x_wconf 88' lang='lat' dir='ltr'>consules</span> <span class='ocrx_word' id='word_1_50' title='bbox 1064 938 1140 1004; x_wconf 89' lang='lat' dir='ltr'>rite</span> 
     </span>
     <span class='ocr_line' id='line_1_9' title="bbox 133 1029 295 1114; baseline -0.006 -21"><span class='ocrx_word' id='word_1_51' title='bbox 133 1029 295 1114; x_wconf 77' lang='lat' dir='ltr'><strong>possint.</strong></span> 
     </span>
    </p>

    <p class='ocr_par' dir='ltr' id='par_1_4' title="bbox 96 1115 1141 1643">
     <span class='ocr_line' id='line_1_10' title="bbox 200 1115 1141 1202; baseline 0.002 -23"><span class='ocrx_word' id='word_1_52' title='bbox 200 1116 382 1201; x_wconf 90' lang='lat' dir='ltr'>Imperia,</span> <span class='ocrx_word' id='word_1_53' title='bbox 413 1119 648 1201; x_wconf 88' lang='lat' dir='ltr'>potestates,</span> <span class='ocrx_word' id='word_1_54' title='bbox 680 1115 1057 1202; x_wconf 83' lang='lat' dir='ltr'>legationes,&#39;quom</span> <span class='ocrx_word' id='word_1_55' title='bbox 1086 1137 1141 1181; x_wconf 88' lang='lat' dir='ltr'>se·</span> 
     </span>
     <span class='ocr_line' id='line_1_11' title="bbox 96 1203 1141 1290; baseline 0.002 -22"><span class='ocrx_word' id='word_1_56' title='bbox 96 1229 120 1268; x_wconf 85' lang='grc' dir='ltr'>ιο</span> <span class='ocrx_word' id='word_1_57' title='bbox 133 1210 247 1269; x_wconf 90' lang='lat' dir='ltr'>natus</span> <span class='ocrx_word' id='word_1_58' title='bbox 271 1205 440 1270; x_wconf 79' lang='lat' dir='ltr'>ereverit</span> <span class='ocrx_word' id='word_1_59' title='bbox 462 1205 676 1290; x_wconf 88' lang='lat' dir='ltr'>populusve</span> <span class='ocrx_word' id='word_1_60' title='bbox 698 1203 877 1288; x_wconf 88' lang='lat' dir='ltr'>iusserit,</span> <span class='ocrx_word' id='word_1_61' title='bbox 900 1226 943 1269; x_wconf 87' lang='lat' dir='ltr'>ex</span> <span class='ocrx_word' id='word_1_62' title='bbox 965 1205 1058 1268; x_wconf 89' lang='lat' dir='ltr'>urbe</span> <span class='ocrx_word' id='word_1_63' title='bbox 1081 1225 1141 1270; x_wconf 82' lang='lat' dir='ltr'>ex·</span> 
     </span>
     <span class='ocr_line' id='line_1_12' title="bbox 134 1292 1141 1378; baseline -0.001 -21"><span class='ocrx_word' id='word_1_64' title='bbox 134 1297 264 1377; x_wconf 89' lang='lat' dir='ltr'>eunto,</span> <span class='ocrx_word' id='word_1_65' title='bbox 292 1293 423 1358; x_wconf 87' lang='lat' dir='ltr'>duella</span> <span class='ocrx_word' id='word_1_66' title='bbox 449 1292 555 1358; x_wconf 88' lang='lat' dir='ltr'>iusta</span> <span class='ocrx_word' id='word_1_67' title='bbox 581 1293 684 1357; x_wconf 88' lang='lat' dir='ltr'>iuste</span> <span class='ocrx_word' id='word_1_68' title='bbox 707 1296 888 1378; x_wconf 90' lang='lat' dir='ltr'>gerunto,</span> <span class='ocrx_word' id='word_1_69' title='bbox 915 1292 1033 1358; x_wconf 90' lang='lat' dir='ltr'>sociis</span> <span class='ocrx_word' id='word_1_70' title='bbox 1055 1314 1141 1378; x_wconf 85' lang='lat' dir='ltr'>par·</span> 
     </span>
     <span class='ocr_line' id='line_1_13' title="bbox 134 1381 1141 1467; baseline -0.001 -20"><span class='ocrx_word' id='word_1_71' title='bbox 134 1385 264 1466; x_wconf 83' lang='lat' dir='ltr'>eunte,</span> <span class='ocrx_word' id='word_1_72' title='bbox 295 1403 333 1445; x_wconf 88' lang='lat' dir='ltr'>se</span> <span class='ocrx_word' id='word_1_73' title='bbox 361 1385 400 1446; x_wconf 92' lang='lat' dir='ltr'>et</span> <span class='ocrx_word' id='word_1_74' title='bbox 427 1402 516 1446; x_wconf 88' lang='lat' dir='ltr'>suos</span> <span class='ocrx_word' id='word_1_75' title='bbox 544 1381 785 1461; x_wconf 83' lang='lat' dir='ltr'>continents,</span> <span class='ocrx_word' id='word_1_76' title='bbox 814 1381 950 1466; x_wconf 88' lang='lat' dir='ltr'>populi</span> <span class='ocrx_word' id='word_1_77' title='bbox 977 1381 1036 1445; x_wconf 90' lang='lat' dir='ltr'>sui</span> <span class='ocrx_word' id='word_1_78' title='bbox 1059 1382 1141 1467; x_wconf 85' lang='lat' dir='ltr'>glo·</span> 
     </span>
     <span class='ocr_line' id='line_1_14' title="bbox 133 1469 1068 1556; baseline -0.001 -22"><span class='ocrx_word' id='word_1_79' title='bbox 133 1470 229 1534; x_wconf 84' lang='lat' dir='ltr'>riam</span> <span class='ocrx_word' id='word_1_80' title='bbox 253 1474 434 1556; x_wconf 83' lang='lat' dir='ltr'>augente,</span> <span class='ocrx_word' id='word_1_81' title='bbox 458 1469 607 1534; x_wconf 84' lang='lat' dir='ltr'>domum</span> <span class='ocrx_word' id='word_1_82' title='bbox 630 1492 712 1535; x_wconf 90' lang='lat' dir='ltr'>cum</span> <span class='ocrx_word' id='word_1_83' title='bbox 736 1469 849 1533; x_wconf 88' lang='lat' dir='ltr'>laude</span> <span class='ocrx_word' id='word_1_84' title='bbox 872 1469 1068 1534; x_wconf 82' lang='lat' dir='ltr'>redeunte.</span> 
     </span>
     <span class='ocr_line' id='line_1_15' title="bbox 200 1557 968 1643; baseline 0 -21"><span class='ocrx_word' id='word_1_85' title='bbox 200 1557 269 1622; x_wconf 90' lang='lat' dir='ltr'>Rei</span> <span class='ocrx_word' id='word_1_86' title='bbox 294 1580 383 1623; x_wconf 88' lang='lat' dir='ltr'>suae</span> <span class='ocrx_word' id='word_1_87' title='bbox 406 1579 496 1643; x_wconf 88' lang='lat' dir='ltr'>ergo</span> <span class='ocrx_word' id='word_1_88' title='bbox 520 1580 564 1622; x_wconf 91' lang='lat' dir='ltr'>ne</span> <span class='ocrx_word' id='word_1_89' title='bbox 588 1558 674 1641; x_wconf 88' lang='lat' dir='ltr'>quis</span> <span class='ocrx_word' id='word_1_90' title='bbox 697 1558 853 1642; x_wconf 86' lang='lat' dir='ltr'>legatus</span> <span class='ocrx_word' id='word_1_91' title='bbox 876 1562 968 1623; x_wconf 88' lang='lat' dir='ltr'>esto.</span> 
     </span>
    </p>
   </div>
   <div class='ocr_carea' id='block_1_4' title="bbox 95 1663 1192 2544">
    <p class='ocr_par' dir='ltr' id='par_1_5' title="bbox 96 1663 1142 2101">
     <span class='ocr_line' id='line_1_16' title="bbox 96 1663 1141 1815; baseline 0.003 -89"><span class='ocrx_word' id='word_1_92' title='bbox 96 1687 121 1728; x_wconf 76' lang='lat' dir='ltr'>a</span> <span class='ocrx_word' id='word_1_93' title='bbox 200 1664 340 1729; x_wconf 92' lang='lat' dir='ltr'>Plebes</span> <span class='ocrx_word' id='word_1_94' title='bbox 364 1685 458 1815; x_wconf 59' lang='lat' dir='ltr'>quots</span> <span class='ocrx_word' id='word_1_95' title='bbox 481 1685 550 1748; x_wconf 89' lang='lat' dir='ltr'>pro</span> <span class='ocrx_word' id='word_1_96' title='bbox 574 1685 612 1728; x_wconf 90' lang='lat' dir='ltr'>se</span> <span class='ocrx_word' id='word_1_97' title='bbox 636 1668 772 1729; x_wconf 87' lang='lat' dir='ltr'>contra</span> <span class='ocrx_word' id='word_1_98' title='bbox 793 1664 869 1728; x_wconf 81' lang='lat' dir='ltr'>vim</span> <span class='ocrx_word' id='word_1_99' title='bbox 892 1663 1031 1728; x_wconf 84' lang='lat' dir='ltr'>auxilii</span> <span class='ocrx_word' id='word_1_100' title='bbox 1050 1685 1141 1749; x_wconf 90' lang='lat' dir='ltr'>ergo</span> 
     </span>
     <span class='ocr_line' id='line_1_17' title="bbox 135 1748 1141 1905; baseline 0.002 -89"><span class='ocrx_word' id='word_1_101' title='bbox 135 1748 261 1818; x_wconf 86' lang='lat' dir='ltr'>decem</span> <span class='ocrx_word' id='word_1_102' title='bbox 284 1751 461 1836; x_wconf 87' lang='lat' dir='ltr'>creassit,</span> <span class='ocrx_word' id='word_1_103' title='bbox 485 1752 519 1816; x_wconf 89' lang='lat' dir='ltr'>ei</span> <span class='ocrx_word' id='word_1_104' title='bbox 541 1752 691 1816; x_wconf 89' lang='lat' dir='ltr'>tribuni</span> <span class='ocrx_word' id='word_1_105' title='bbox 714 1752 795 1817; x_wconf 89' lang='lat' dir='ltr'>eius</span> <span class='ocrx_word' id='word_1_106' title='bbox 815 1756 903 1816; x_wconf 90' lang='lat' dir='ltr'>sunt</span> <span class='ocrx_word' id='word_1_107' title='bbox 908 1773 942 1836; x_wconf 88' lang='lat'>0,</span> <span class='ocrx_word' id='word_1_108' title='bbox 966 1753 1141 1905; x_wconf 58' lang='lat' dir='ltr'>quctdque</span> 
     </span>
     <span class='ocr_line' id='line_1_18' title="bbox 134 1840 1142 1926; baseline 0.001 -21"><span class='ocrx_word' id='word_1_109' title='bbox 134 1842 163 1905; x_wconf 91' lang='lat' dir='ltr'>ii</span> <span class='ocrx_word' id='word_1_110' title='bbox 185 1840 454 1925; x_wconf 88' lang='lat' dir='ltr'>prohibessint</span> <span class='ocrx_word' id='word_1_111' title='bbox 478 1840 651 1924; x_wconf 87' lang='lat' dir='ltr'>quodque</span> <span class='ocrx_word' id='word_1_112' title='bbox 674 1840 826 1925; x_wconf 83' lang='lat' dir='ltr'><strong>plebem</strong></span> <span class='ocrx_word' id='word_1_113' title='bbox 850 1841 1062 1926; x_wconf 86' lang='lat' dir='ltr'>rogassint,</span> <span class='ocrx_word' id='word_1_114' title='bbox 1084 1863 1142 1906; x_wconf 88' lang='lat' dir='ltr'>re·</span> 
     </span>
     <span class='ocr_line' id='line_1_19' title="bbox 135 1891 1142 2014; baseline 0.001 -21"><span class='ocrx_word' id='word_1_115' title='bbox 135 1933 214 1993; x_wconf 90' lang='lat' dir='ltr'>tum</span> <span class='ocrx_word' id='word_1_116' title='bbox 238 1933 335 2012; x_wconf 83' lang='lat' dir='ltr'>est03</span> <span class='ocrx_word' id='word_1_117' title='bbox 358 1928 560 2011; x_wconf 72' lang='lat' dir='ltr'>sanctique</span> <span class='ocrx_word' id='word_1_118' title='bbox 584 1933 698 1993; x_wconf 89' lang='lat' dir='ltr'>sunto</span> <span class='ocrx_word' id='word_1_119' title='bbox 720 1951 816 1994; x_wconf 79' lang='lat' dir='ltr'>neve</span> <span class='ocrx_word' id='word_1_120' title='bbox 838 1929 990 2014; x_wconf 90' lang='lat' dir='ltr'>plebem</span> <span class='ocrx_word' id='word_1_121' title='bbox 1009 1891 1142 1994; x_wconf 87' lang='lat' dir='ltr'>urbam</span> 
     </span>
     <span class='ocr_line' id='line_1_20' title="bbox 135 2017 585 2101; baseline -0.005 -19"><span class='ocrx_word' id='word_1_122' title='bbox 135 2018 306 2082; x_wconf 88' lang='lat' dir='ltr'>tribunis</span> <span class='ocrx_word' id='word_1_123' title='bbox 328 2017 585 2101; x_wconf 88' lang='lat' dir='ltr'>relinquunto</span> 
     </span>
    </p>

    <p class='ocr_par' dir='ltr' id='par_1_6' title="bbox 95 2082 1192 2458">
     <span class='ocr_line' id='line_1_21' title="bbox 95 2082 1192 2191; baseline 0.005 -24"><span class='ocrx_word' id='word_1_124' title='bbox 95 2129 121 2167; x_wconf 76' lang='grc' dir='ltr'>ιο</span> <span class='ocrx_word' id='word_1_125' title='bbox 202 2105 340 2171; x_wconf 89' lang='lat' dir='ltr'>Omnes</span> <span class='ocrx_word' id='word_1_126' title='bbox 363 2105 620 2191; x_wconf 83' lang='lat' dir='ltr'>magistratus</span> <span class='ocrx_word' id='word_1_127' title='bbox 644 2105 859 2190; x_wconf 80' lang='lat' dir='ltr'>auspicium</span> <span class='ocrx_word' id='word_1_128' title='bbox 881 2082 1141 2191; x_wconf 87' lang='lat' dir='ltr'>iudiciumque</span> <span class='ocrx_word' id='word_1_129' title='bbox 1162 2130 1192 2182; x_wconf 72' lang='grc' dir='ltr'>ιο</span> 
     </span>
     <span class='ocr_line' id='line_1_22' title="bbox 134 2193 1142 2279; baseline 0.002 -21"><span class='ocrx_word' id='word_1_130' title='bbox 134 2194 317 2279; x_wconf 88' lang='lat' dir='ltr'>habento,</span> <span class='ocrx_word' id='word_1_131' title='bbox 345 2215 464 2278; x_wconf 87' lang='lat' dir='ltr'>exque</span> <span class='ocrx_word' id='word_1_132' title='bbox 495 2193 549 2259; x_wconf 89' lang='lat' dir='ltr'>eis</span> <span class='ocrx_word' id='word_1_133' title='bbox 573 2198 732 2259; x_wconf 87' lang='lat' dir='ltr'>senatus</span> <span class='ocrx_word' id='word_1_134' title='bbox 756 2198 814 2259; x_wconf 89' lang='lat' dir='ltr'>est</span> <span class='ocrx_word' id='word_1_135' title='bbox 820 2216 854 2278; x_wconf 79' lang='lat'>⁰3</span> <span class='ocrx_word' id='word_1_136' title='bbox 882 2194 963 2259; x_wconf 88' lang='lat' dir='ltr'>eius</span> <span class='ocrx_word' id='word_1_137' title='bbox 986 2194 1142 2261; x_wconf 85' lang='lat' dir='ltr'>decreta</span> 
     </span>
     <span class='ocr_line' id='line_1_23' title="bbox 134 2283 1142 2369; baseline 0.002 -22"><span class='ocrx_word' id='word_1_138' title='bbox 134 2288 222 2349; x_wconf 87' lang='lat' dir='ltr'>rata</span> <span class='ocrx_word' id='word_1_139' title='bbox 253 2287 382 2367; x_wconf 69' lang='lat' dir='ltr'>sante,</span> <span class='ocrx_word' id='word_1_140' title='bbox 411 2287 472 2348; x_wconf 88' lang='lat' dir='ltr'>ast</span> <span class='ocrx_word' id='word_1_141' title='bbox 503 2286 682 2369; x_wconf 90' lang='lat' dir='ltr'>potestas</span> <span class='ocrx_word' id='word_1_142' title='bbox 713 2304 783 2368; x_wconf 89' lang='lat' dir='ltr'>par</span> <span class='ocrx_word' id='word_1_143' title='bbox 815 2283 984 2348; x_wconf 87' lang='lat' dir='ltr'>maiorve</span> <span class='ocrx_word' id='word_1_144' title='bbox 1010 2284 1142 2368; x_wconf 87' lang='lat' dir='ltr'>prohi-</span> 
     </span>
     <span class='ocr_line' id='line_1_24' title="bbox 135 2372 729 2458; baseline 0 -22"><span class='ocrx_word' id='word_1_145' title='bbox 135 2372 272 2457; x_wconf 87' lang='lat' dir='ltr'>bessit,</span> <span class='ocrx_word' id='word_1_146' title='bbox 295 2372 515 2458; x_wconf 90' lang='lat' dir='ltr'>perscripta</span> <span class='ocrx_word' id='word_1_147' title='bbox 538 2375 729 2437; x_wconf 80' lang='lat' dir='ltr'>servante.</span> 
     </span>
    </p>

    <p class='ocr_par' dir='ltr' id='par_1_7' title="bbox 201 2459 1141 2544">
     <span class='ocr_line' id='line_1_25' title="bbox 201 2459 1141 2544; baseline 0.003 -20"><span class='ocrx_word' id='word_1_148' title='bbox 201 2460 239 2525; x_wconf 90' lang='lat' dir='ltr'>Is</span> <span class='ocrx_word' id='word_1_149' title='bbox 263 2461 355 2526; x_wconf 86' lang='lat' dir='ltr'>crdo</span> <span class='ocrx_word' id='word_1_150' title='bbox 378 2460 475 2524; x_wconf 87' lang='lat' dir='ltr'>vitio</span> <span class='ocrx_word' id='word_1_151' title='bbox 500 2463 650 2544; x_wconf 85' lang='lat' dir='ltr'>vacato,</span> <span class='ocrx_word' id='word_1_152' title='bbox 673 2459 814 2525; x_wconf 88' lang='lat' dir='ltr'>ceteris</span> <span class='ocrx_word' id='word_1_153' title='bbox 836 2459 1031 2544; x_wconf 86' lang='lat' dir='ltr'>specimen</span> <span class='ocrx_word' id='word_1_154' title='bbox 1049 2463 1141 2528; x_wconf 86' lang='lat' dir='ltr'>esto.</span> 
     </span>
    </p>
   </div>
   <div class='ocr_carea' id='block_1_5' title="bbox 96 2564 1142 2826">
    <p class='ocr_par' dir='ltr' id='par_1_8' title="bbox 96 2564 1142 2826">
     <span class='ocr_line' id='line_1_26' title="bbox 96 2564 1142 2651; baseline 0.007 -26"><span class='ocrx_word' id='word_1_155' title='bbox 96 2585 121 2626; x_wconf 78' lang='lat' dir='ltr'>ss</span> <span class='ocrx_word' id='word_1_156' title='bbox 203 2564 357 2630; x_wconf 79' lang='lat' dir='ltr'>Creatio</span> <span class='ocrx_word' id='word_1_157' title='bbox 377 2564 692 2651; x_wconf 83' lang='lat' dir='ltr'>magistratuum,</span> <span class='ocrx_word' id='word_1_158' title='bbox 710 2564 854 2630; x_wconf 89' lang='lat' dir='ltr'>iudicia</span> <span class='ocrx_word' id='word_1_159' title='bbox 867 2565 1016 2650; x_wconf 90' lang='lat' dir='ltr'>populi,</span> <span class='ocrx_word' id='word_1_160' title='bbox 1034 2566 1142 2633; x_wconf 80' lang='lat' dir='ltr'>iussa</span> 
     </span>
     <span class='ocr_line' id='line_1_27' title="bbox 136 2653 1141 2739; baseline 0.002 -21"><span class='ocrx_word' id='word_1_161' title='bbox 136 2653 261 2718; x_wconf 83' lang='lat' dir='ltr'>vetita</span> <span class='ocrx_word' id='word_1_162' title='bbox 291 2674 401 2737; x_wconf 91' lang='lat' dir='ltr'>quom</span> <span class='ocrx_word' id='word_1_163' title='bbox 430 2653 627 2739; x_wconf 84' lang='lat' dir='ltr'>suffragio</span> <span class='ocrx_word' id='word_1_164' title='bbox 656 2654 936 2738; x_wconf 87' lang='lat' dir='ltr'>cosciscentur,</span> <span class='ocrx_word' id='word_1_165' title='bbox 967 2657 1141 2738; x_wconf 87' lang='lat' dir='ltr'>optume-</span> 
     </span>
     <span class='ocr_line' id='line_1_28' title="bbox 136 2740 796 2826; baseline 0.002 -20"><span class='ocrx_word' id='word_1_166' title='bbox 136 2741 241 2806; x_wconf 90' lang='lat' dir='ltr'>tibus</span> <span class='ocrx_word' id='word_1_167' title='bbox 264 2745 370 2822; x_wconf 87' lang='lat' dir='ltr'>nota,</span> <span class='ocrx_word' id='word_1_168' title='bbox 393 2740 501 2826; x_wconf 89' lang='lat' dir='ltr'>plebi</span> <span class='ocrx_word' id='word_1_169' title='bbox 524 2741 651 2806; x_wconf 87' lang='lat' dir='ltr'>libera</span> <span class='ocrx_word' id='word_1_170' title='bbox 673 2745 796 2808; x_wconf 89' lang='lat' dir='ltr'>sunto.</span> 
     </span>
    </p>
   </div>
   <div class='ocr_carea' id='block_1_6' title="bbox 96 2846 1179 3091">
    <p class='ocr_par' dir='ltr' id='par_1_9' title="bbox 96 2846 1179 3091">
     <span class='ocr_line' id='line_1_29' title="bbox 202 2846 1179 2935; baseline 0.002 -23"><span class='ocrx_word' id='word_1_171' title='bbox 202 2846 275 2912; x_wconf 89' lang='lat' dir='ltr'>Ast</span> <span class='ocrx_word' id='word_1_172' title='bbox 297 2847 389 2932; x_wconf 87' lang='lat' dir='ltr'>quid</span> <span class='ocrx_word' id='word_1_173' title='bbox 412 2847 501 2932; x_wconf 86' lang='lat' dir='ltr'>erit,</span> <span class='ocrx_word' id='word_1_174' title='bbox 524 2848 623 2933; x_wconf 89' lang='lat' dir='ltr'>quod</span> <span class='ocrx_word' id='word_1_175' title='bbox 646 2851 759 2914; x_wconf 87' lang='lat' dir='ltr'>extra</span> <span class='ocrx_word' id='word_1_176' title='bbox 781 2850 1039 2935; x_wconf 82' lang='lat' dir='ltr'>magistratus</span> <span class='ocrx_word' id='word_1_177' title='bbox 1057 2863 1179 2926; x_wconf 81' lang='lat' dir='ltr'>coe-4</span> 
     </span>
     <span class='ocr_line' id='line_1_30' title="bbox 136 2935 1140 3023; baseline 0.003 -21"><span class='ocrx_word' id='word_1_178' title='bbox 136 2937 217 3002; x_wconf 87' lang='lat' dir='ltr'>rari</span> <span class='ocrx_word' id='word_1_179' title='bbox 235 2957 347 3001; x_wconf 87' lang='lat' dir='ltr'>cesus</span> <span class='ocrx_word' id='word_1_180' title='bbox 366 2937 432 3020; x_wconf 89' lang='lat' dir='ltr'>sit,</span> <span class='ocrx_word' id='word_1_181' title='bbox 455 2935 518 3020; x_wconf 94' lang='lat' dir='ltr'>qui</span> <span class='ocrx_word' id='word_1_182' title='bbox 536 2940 681 3021; x_wconf 74' lang='lat' dir='ltr'>coenet,</span> <span class='ocrx_word' id='word_1_183' title='bbox 698 2939 866 3023; x_wconf 89' lang='lat' dir='ltr'>populus</span> <span class='ocrx_word' id='word_1_184' title='bbox 881 2943 1012 3004; x_wconf 90' lang='lat' dir='ltr'>creato</span> <span class='ocrx_word' id='word_1_185' title='bbox 1030 2938 1140 3022; x_wconf 87' lang='lat' dir='ltr'>eique</span> 
     </span>
     <span class='ocr_line' id='line_1_31' title="bbox 96 3023 517 3091; baseline 0.002 -1"><span class='ocrx_word' id='word_1_186' title='bbox 96 3023 195 3090; x_wconf 79' lang='lat' dir='ltr'>aius</span> <span class='ocrx_word' id='word_1_187' title='bbox 218 3024 396 3090; x_wconf 85' lang='lat' dir='ltr'>coerandi</span> <span class='ocrx_word' id='word_1_188' title='bbox 419 3025 517 3091; x_wconf 89' lang='lat' dir='ltr'>dato.</span> 
     </span>
    </p>
   </div>
   <div class='ocr_carea' id='block_1_7' title="bbox 95 3128 1208 3660">
    <p class='ocr_par' dir='ltr' id='par_1_10' title="bbox 136 3128 1139 3483">
     <span class='ocr_line' id='line_1_32' title="bbox 203 3128 1139 3219; baseline 0.001 -23"><span class='ocrx_word' id='word_1_189' title='bbox 203 3128 293 3196; x_wconf 80' lang='lat' dir='ltr'>Cum</span> <span class='ocrx_word' id='word_1_190' title='bbox 330 3131 473 3216; x_wconf 89' lang='lat' dir='ltr'>populo</span> <span class='ocrx_word' id='word_1_191' title='bbox 505 3132 761 3216; x_wconf 89' lang='lat' dir='ltr'>patribusque</span> <span class='ocrx_word' id='word_1_192' title='bbox 792 3130 932 3219; x_wconf 82' lang='lat' dir='ltr'>agendi</span> <span class='ocrx_word' id='word_1_193' title='bbox 963 3131 1021 3197; x_wconf 90' lang='lat' dir='ltr'>ius</span> <span class='ocrx_word' id='word_1_194' title='bbox 1054 3136 1139 3198; x_wconf 88' lang='lat' dir='ltr'>esto</span> 
     </span>
     <span class='ocr_line' id='line_1_33' title="bbox 136 3219 1139 3306; baseline 0.001 -21"><span class='ocrx_word' id='word_1_195' title='bbox 136 3219 301 3302; x_wconf 89' lang='lat' dir='ltr'>consuli,</span> <span class='ocrx_word' id='word_1_196' title='bbox 319 3220 507 3304; x_wconf 89' lang='lat' dir='ltr'>praetori,</span> <span class='ocrx_word' id='word_1_197' title='bbox 525 3220 715 3305; x_wconf 85' lang='lat' dir='ltr'>magistro</span> <span class='ocrx_word' id='word_1_198' title='bbox 733 3221 870 3306; x_wconf 90' lang='lat' dir='ltr'>populi</span> <span class='ocrx_word' id='word_1_199' title='bbox 888 3221 1139 3306; x_wconf 85' lang='lat' dir='ltr'>equitumque</span> 
     </span>
     <span class='ocr_line' id='line_1_34' title="bbox 136 3308 1139 3395; baseline 0.002 -23"><span class='ocrx_word' id='word_1_200' title='bbox 136 3308 261 3392; x_wconf 88' lang='lat' dir='ltr'>eique,</span> <span class='ocrx_word' id='word_1_201' title='bbox 289 3329 396 3391; x_wconf 91' lang='lat' dir='ltr'>quem</span> <span class='ocrx_word' id='word_1_202' title='bbox 423 3313 555 3393; x_wconf 90' lang='lat' dir='ltr'>patres</span> <span class='ocrx_word' id='word_1_203' title='bbox 583 3310 748 3393; x_wconf 85' lang='lat' dir='ltr'>prodent</span> <span class='ocrx_word' id='word_1_204' title='bbox 773 3310 974 3375; x_wconf 86' lang='lat' dir='ltr'>consulum</span> <span class='ocrx_word' id='word_1_205' title='bbox 1000 3331 1139 3395; x_wconf 85' lang='lat' dir='ltr'>rogan-</span> 
     </span>
     <span class='ocr_line' id='line_1_35' title="bbox 136 3395 1139 3483; baseline 0.002 -23"><span class='ocrx_word' id='word_1_206' title='bbox 136 3395 269 3461; x_wconf 89' lang='lat' dir='ltr'>dorum</span> <span class='ocrx_word' id='word_1_207' title='bbox 310 3417 415 3482; x_wconf 81' lang='lat' dir='ltr'>erg03</span> <span class='ocrx_word' id='word_1_208' title='bbox 455 3397 717 3482; x_wconf 86' lang='lat' dir='ltr'>tribunisque,</span> <span class='ocrx_word' id='word_1_209' title='bbox 758 3420 853 3483; x_wconf 89' lang='lat' dir='ltr'>quos</span> <span class='ocrx_word' id='word_1_210' title='bbox 890 3397 967 3462; x_wconf 89' lang='lat' dir='ltr'>sibi</span> <span class='ocrx_word' id='word_1_211' title='bbox 1002 3397 1139 3483; x_wconf 90' lang='lat' dir='ltr'>plebes</span> 
     </span>
    </p>

    <p class='ocr_par' dir='ltr' id='par_1_11' title="bbox 95 3485 1208 3660">
     <span class='ocr_line' id='line_1_36' title="bbox 95 3485 1208 3570; baseline 0.002 -20"><span class='ocrx_word' id='word_1_212' title='bbox 95 3485 315 3568; x_wconf 62' lang='lat' dir='ltr'>recreasse,</span> <span class='ocrx_word' id='word_1_213' title='bbox 341 3485 400 3549; x_wconf 88' lang='lat' dir='ltr'>ius</span> <span class='ocrx_word' id='word_1_214' title='bbox 428 3489 512 3550; x_wconf 87' lang='lat' dir='ltr'>estc</span> <span class='ocrx_word' id='word_1_215' title='bbox 535 3507 617 3550; x_wconf 85' lang='lat' dir='ltr'>cum</span> <span class='ocrx_word' id='word_1_216' title='bbox 639 3485 819 3570; x_wconf 88' lang='lat' dir='ltr'>patribus</span> <span class='ocrx_word' id='word_1_217' title='bbox 843 3485 995 3570; x_wconf 79' lang='lat' dir='ltr'>egendi3</span> <span class='ocrx_word' id='word_1_218' title='bbox 1022 3485 1139 3552; x_wconf 89' lang='lat' dir='ltr'>iidem</span> <span class='ocrx_word' id='word_1_219' title='bbox 1205 3562 1208 3566; x_wconf 45' lang='grc'>,</span> 
     </span>
     <span class='ocr_line' id='line_1_37' title="bbox 136 3571 925 3660; baseline -0.003 -20"><span class='ocrx_word' id='word_1_220' title='bbox 136 3571 182 3640; x_wconf 81' lang='lat' dir='ltr'>ad</span> <span class='ocrx_word' id='word_1_221' title='bbox 203 3573 368 3660; x_wconf 84' lang='lat' dir='ltr'>plebem,</span> <span class='ocrx_word' id='word_1_222' title='bbox 391 3573 491 3659; x_wconf 88' lang='lat' dir='ltr'>quod</span> <span class='ocrx_word' id='word_1_223' title='bbox 513 3595 626 3639; x_wconf 86' lang='lat' dir='ltr'>cesus</span> <span class='ocrx_word' id='word_1_224' title='bbox 649 3575 738 3658; x_wconf 88' lang='lat' dir='ltr'>erit,</span> <span class='ocrx_word' id='word_1_225' title='bbox 759 3575 925 3640; x_wconf 85' lang='lat' dir='ltr'>ferunto.</span> 
     </span>
    </p>
   </div>
   <div class='ocr_carea' id='block_1_8' title="bbox 871 3677 927 3732">
    <p class='ocr_par' dir='ltr' id='par_1_12' title="bbox 871 3677 927 3732">
     <span class='ocr_line' id='line_1_38' title="bbox 871 3677 927 3732; baseline 0.018 -1"><span class='ocrx_word' id='word_1_226' title='bbox 871 3677 927 3732; x_wconf 75' lang='grc'>28*</span> 
     </span>
    </p>
   </div>
   <div class='ocr_carea' id='block_1_9' title="bbox 0 0 1335 3912">
    <p class='ocr_par' dir='ltr' id='par_1_13' title="bbox 0 0 1335 3912">
     <span class='ocr_line' id='line_1_39' title="bbox 0 0 1335 3912; baseline 0 0"><span class='ocrx_word' id='word_1_227' title='bbox 0 0 1335 3912; x_wconf 95' lang='lat' dir='ltr'> </span> 
     </span>
    </p>
   </div>
  </div>
 </body>
</html>
