2654 3924
190 235 257 300 350
550 233 600 287 DE
618 232 667 287 RE
684 232 842 288 PUBLICA

189 402 267 445 num
296 383 353 444 aut
379 384 473 445 vetus
502 379 609 465 gloria
636 377 779 443 civitatis
806 381 864 443 aut
887 380 1011 464 species
1034 377 1220 463 praeclara

190 469 301 555 oppidi
320 471 378 533 aut
395 469 571 553 theatrum,
590 467 770 554 gymnasia,
788 466 933 553 porticus
951 472 1010 531 aut
1025 467 1219 552 propylaea

188 558 315 624 nobilia
338 559 396 621 aut
418 579 476 622 arx
499 560 557 621 aut
579 555 770 621 admiranda
792 577 892 642 opera
913 554 1050 620 Phidiae
1073 558 1133 620 aut
1156 554 1217 620 Pi·

189 667 285 713 raeus
303 647 361 711 ille
378 645 572 732 magnificus
590 666 660 709 rem
678 643 843 729 publicam
861 643 1046 710 efficiebat?
1068 643 1215 709 Minime

189 763 217 816 p.
233 736 298 816 110]
317 754 404 819 vero,
422 733 562 818 Laelius,
585 732 739 819 quoniam
758 732 888 818 quidem
905 732 1021 818 populi
1041 731 1119 816 tres
1139 749 1244 798 nono

190 827 270 889 erat.
310 823 343 888 S.
367 820 472 898 Quid?
500 844 575 887 curn
603 821 776 887 decemviri
800 820 924 886 Romae
952 821 1022 886 sine
1048 843 1214 906 provoca·

189 913 278 978 tione
295 911 429 976 fuerunt
451 911 551 976 tertio
574 911 633 975 illo
652 932 748 993 anno,
770 932 843 977 cum
861 910 1019 974 vindicias
1038 909 1214 975 amisisset

189 1001 263 1087 ipsa
290 999 449 1065 libertas?
484 1000 523 1064 L.
545 997 664 1084 Populi
690 999 784 1065 nulla
810 1020 862 1064 res
889 1002 975 1081 erat,
1001 999 1102 1064 immo
1126 1021 1213 1065 vero

137 1149 151 1172 ,
188 1089 222 1155 id
245 1088 386 1175 populus
409 1088 487 1175 egit,
509 1091 547 1152 ut
569 1110 638 1153 rem
662 1110 754 1153 suam
777 1090 990 1173 recuperaret.

136 1148 180 1275 {³53
256 1177 289 1243 S.
311 1175 416 1243 Venio
438 1198 524 1241 nunc
547 1176 588 1241 ad
606 1177 741 1241 tertium
759 1197 862 1263 genus
881 1175 972 1260 illud,
994 1175 1030 1240 in
1049 1198 1112 1260 quo
1133 1198 1212 1241 esse
1228 1192 1254 1234 1⁰

188 1265 385 1332 ridebuntur
406 1264 546 1331 fortasse
569 1265 749 1351 angustiae.
786 1262 868 1330 (ium
890 1286 948 1350 per
971 1266 1128 1350 populum
1148 1267 1212 1351 agi

190 1355 341 1421 dicuntur
367 1358 401 1420 et
424 1375 494 1419 esse
517 1353 552 1417 in
574 1353 689 1438 populi
710 1357 875 1439 potestate
898 1354 1022 1436 omnia,
1049 1375 1138 1438 cum,
1164 1354 1211 1418 de

190 1464 391 1533 quocumque
418 1441 503 1527 volt,
531 1441 727 1528 supplicium
754 1441 855 1507 sumit
878 1441 1069 1526 multitudo,
1097 1463 1175 1508 cum
1203 1442 1209 1529 Ι

188 1561 217 1615 p.
235 1534 302 1614 aas]
326 1534 443 1619 agunt,
465 1531 611 1616 rapiunt,
633 1534 755 1615 tenent,
777 1530 948 1615 dissipant,
972 1553 1054 1615 quae
1076 1529 1210 1614 volunt,

189 1625 317 1709 potesne
338 1625 425 1705 tum,
452 1619 557 1704 Laeli,
579 1641 701 1706 negare
723 1641 793 1685 rem
816 1639 878 1685 esse
899 1620 993 1684 illam
1016 1619 1208 1705 publicam?
1224 1637 1250 1678 rc

189 1733 262 1777 cum
289 1709 404 1796 populi
425 1707 493 1775 sint
516 1708 640 1792 omnia,
663 1709 817 1793 quoniam
840 1707 970 1793 quidem
992 1707 1108 1794 populi
1131 1729 1208 1774 esse

187 1821 257 1865 rem
275 1799 426 1864 volumus
444 1820 513 1863 rem
532 1797 706 1882 publicam.
742 1796 826 1862 Tum
839 1795 983 1862 Laelius:
1006 1796 1057 1862 Ac
1073 1796 1205 1862 nullam

190 1888 319 1972 quidem
350 1886 447 1953 citius
479 1887 665 1973 negaverim
696 1905 759 1953 esse
790 1907 859 1951 rem
890 1885 1069 1971 publicam,
1102 1907 1206 1971 quam

187 1977 301 2061 istam,
333 1997 416 2061 quae
442 1979 515 2040 tota
548 2025 689 2041 .......
718 1998 808 2061 p.pu
815 2023 1001 2041 .........
1029 1974 1198 2042 ni.s.ls..

195 2116 292 2130 .....
313 2086 383 2129 mo.
397 2113 405 2129 .
420 2113 427 2128 .
442 2114 449 2128 .
466 2064 553 2129 ‚obis
579 2085 646 2128 non
668 2065 791 2148 placuit
813 2061 981 2147 Syracusis
1004 2061 1107 2128 fuisse
1130 2085 1203 2129 rem
1218 2082 1246 2122 ao

188 2152 355 2240 publicam
376 2172 479 2236 neque
500 2152 678 2237 Agrigenti
699 2171 801 2238 nequa
822 2152 977 2237 Athenis,
999 2174 1074 2217 cum
1097 2158 1205 2218 essent

188 2270 216 2322 p.
236 2242 301 2322 sco]
329 2240 474 2324 tyranni,
500 2261 559 2305 nec
584 2240 651 2324 hic,
678 2262 753 2306 cum
780 2239 967 2325 decemviri,
994 2262 1051 2305 nec
1072 2241 1076 2323 Ι
1096 2241 1203 2326 rideo,

189 2330 245 2415 qui
271 2328 378 2416 magis
405 2329 441 2394 in
468 2328 687 2395 multitudinis
711 2330 880 2395 dominatu
901 2329 949 2394 rei
971 2329 1122 2415 publicae
1144 2351 1203 2395 no·
1260 2352 1263 2360 ·

188 2439 264 2484 men
286 2420 453 2503 appareat,
476 2418 552 2502 quia
574 2418 716 2503 primum
738 2418 820 2484 mihi
837 2418 978 2503 populus
995 2421 1140 2502 nonest,
1162 2424 1203 2484 ut

187 2511 225 2573 tu
257 2500 380 2592 op'time
412 2506 568 2591 definisti,
600 2503 723 2592 Scipio,
753 2505 818 2572 nisi
846 2506 902 2592 qui
930 2527 1089 2572 consensu
1118 2506 1201 2573 iuris
1216 2524 1243 2566 2⁵

188 2595 382 2679 continetur,
405 2594 461 2661 sed
479 2600 530 2660 cst
548 2599 617 2661 tam
635 2601 794 2680 tyrannus
813 2594 876 2659 iste
894 2598 1082 2679 conventus,
1102 2616 1201 2680 quarn

188 2686 218 2751 si
236 2688 323 2750 esset
341 2705 434 2769 unus,
457 2683 519 2750 hoc
539 2684 638 2750 etiam
656 2684 803 2767 taetrior,
826 2683 903 2769 quia
920 2683 1004 2748 nihil
1022 2683 1096 2769 ista,
1115 2706 1200 2768 quae

187 2773 302 2860 populi
330 2774 471 2859 speciem
501 2776 535 2838 et
560 2795 680 2838 nomen
705 2773 871 2857 imitatur,
899 2772 1075 2837 immanius
1101 2773 1201 2839 belua

188 2868 247 2928 est.
283 2860 353 2927 Nec
374 2883 452 2928 vero
473 2861 633 2946 convenit,
655 2883 729 2927 cum
746 2861 945 2927 furiosorum
964 2860 1052 2926 bona
1069 2860 1199 2947 legibus

187 2952 223 3017 in
245 2951 464 3038 adgnatorum
486 2953 650 3036 potestate
673 2950 749 3035 sint,
772 2949 859 3036 quod
882 2971 994 3016 eorum
1016 2948 1097 3015 iam.
1112 2999 1120 3015 .
1134 2999 1164 3015 ..
1211 2967 1240 3010 ro

135 3188 178 3252 34
442 3091 682 3174 [Desideroatar
697 3094 837 3177 papiana
858 3092 944 3174 octo]

134 3266 168 3315 ,5
187 3246 216 3297 p.
235 3218 303 3298 aar]
377 3215 522 3283 ...dici
540 3217 678 3302 possint,
701 3238 758 3282 cur
775 3215 834 3281 illa
852 3215 897 3281 sit
914 3236 967 3282 res
985 3216 1116 3301 publica
1133 3238 1199 3283 res·

188 3327 250 3389 que
267 3304 391 3405 populi,
410 3325 493 3404 quae
511 3309 598 3407 sunt·
607 3305 693 3371 dicta
710 3306 750 3370 de
768 3325 878 3406 regno.
910 3303 956 3370 Et
973 3305 1078 3406 multo
1098 3305 1198 3411 etiam

188 3413 311 3545 tid
333 3389 825 3566 ttttuttmtbttt,
842 3413 953 3566 tigit
970 3393 1197 3547 ttttdt

188 3589 252 3651 qua
274 3589 310 3633 re
332 3567 464 3653 publica
486 3590 594 3635 rerum
612 3570 788 3656 potientur,
809 3569 894 3635 nihil
906 3570 1030 3656 poterit
1048 3591 1119 3635 esse
1137 3570 1196 3635 illa
1210 3586 1237 3627 ⁸⁶
