2652 3920
156 187 223 254 236
507 187 556 242 DE
575 186 819 241 DIVINATIONE

156 335 283 400 autem
314 332 620 397 innumerabiles
652 331 953 416 praesensiones
983 352 1059 397 non
1089 330 1171 398 for·

156 418 300 485 tuitae?
342 418 390 484 At
405 441 478 506 ego
506 420 577 486 dico
599 420 726 484 nullam
749 419 850 505 (vide,
880 423 1004 511 quanta
1027 419 1072 484 sit
1095 441 1170 485 con·

156 506 344 593 troversia);
373 508 439 573 iam
467 509 694 593 adsumptione
715 530 782 573 non
804 529 958 574 concessa
979 508 1073 573 nulla
1096 530 1171 575 con-

156 596 258 663 clusio
281 601 340 661 est.
376 598 423 661 At
444 597 797 682 impudentessumus,
820 596 885 682 qui,
908 618 982 662 cum
1004 600 1075 661 tarn
1097 619 1170 681 por·

156 685 303 770 spicuum
326 686 383 769 sit,
410 707 476 751 non
498 685 720 751 concedamus.
761 683 844 760 Quid
868 688 918 749 est
940 685 1197 770 perspicuum‘ls

114 797 116 802 ·
158 772 297 838 ‘Multa
319 772 435 855 vera',
457 774 578 858 inquit,
601 773 800 838 ‘evadere’
837 770 930 857 Quid,
953 773 1040 858 quod
1062 774 1169 840 multo

156 863 253 949 plura
278 860 385 927 falsu?
420 861 538 928 Nonne
565 863 638 947 ipsa
663 861 819 945 varietas,
847 883 931 946 quae
958 865 1010 927 est
1035 861 1171 946 propria

156 951 319 1034 fortunae,
350 950 518 1016 fortunam
549 971 619 1014 esse
647 972 793 1034 causam,
823 970 891 1023 uon
916 953 1069 1015 naturam
1098 971 1169 1015 esse

157 1039 271 1105 docet?
308 1037 446 1122 Deinde,
469 1039 499 1104 si
520 1042 578 1104 tua
600 1038 665 1103 ista
687 1038 866 1123 conclusio,
893 1036 1066 1124 Cratippe,
1091 1059 1170 1104 vera

157 1132 208 1194 est
235 1126 356 1215 (tecum
384 1126 470 1192 enim
496 1125 579 1191 mihi
600 1148 652 1191 res
676 1125 754 1212 est),
780 1148 847 1191 non
869 1127 1033 1213 intellegis
1056 1127 1169 1192 eadem
1184 1146 1211 1186 ro

156 1216 206 1282 uti
228 1236 325 1301 posse
348 1219 381 1280 et
403 1215 593 1301 haruspices
615 1219 649 1280 et
671 1214 894 1302 fulguratores
917 1220 951 1280 et
972 1215 1168 1300 interpretes

157 1307 361 1370 ostentorum
392 1307 427 1368 et
456 1325 596 1390 augures
628 1307 662 1368 et
693 1304 868 1389 sortilegos
901 1306 934 1369 et
963 1301 1169 1370 Chaldaeos?

158 1414 294 1477 quorum
313 1414 469 1478 generum
486 1392 614 1457 nullum
633 1394 692 1475 est,
712 1413 751 1456 ex
769 1413 833 1476 quo
852 1412 918 1456 non
931 1392 1064 1478 aliquid,
1083 1391 1169 1458 sicut

155 1481 358 1567 praedictum
389 1481 447 1565 sit,
479 1480 627 1546 evaserit.
672 1480 765 1566 Ergo
796 1483 853 1545 aut
883 1502 922 1546 ea
955 1501 1083 1565 quoque
1116 1501 1169 1566 ge·

155 1592 237 1636 nera
257 1569 423 1635 divinandi
442 1574 526 1653 sunt,
550 1590 632 1654 quas
649 1573 687 1633 tu
705 1568 895 1635 rectissume
912 1569 1078 1655 inprobas,
1101 1573 1168 1653 aut,
1183 1586 1213 1627 1⁵

156 1660 185 1724 si
208 1681 247 1724 ea
265 1680 332 1723 non
349 1661 435 1742 sunt,
457 1679 524 1722 non
540 1657 707 1743 intellego,
729 1679 786 1723 cur
804 1657 885 1723 haec
903 1657 966 1723 duo
986 1658 1062 1742 sint,
1085 1679 1169 1742 quae

155 1747 321 1832 relinquis.
358 1744 429 1823 Qua
452 1767 531 1832 ergo
554 1746 681 1811 ratione
703 1746 784 1812 haec
805 1745 945 1830 inducis,
974 1745 1086 1811 eadem
1109 1746 1170 1811 illa

156 1839 295 1920 possunt
317 1856 397 1919 esse,
420 1856 503 1919 quae
525 1834 626 1900 tollis.

103 1898 1169 2024 &mmmmmefflffl

156 2035 235 2077 num
257 2012 395 2095 vocatis,
423 2016 473 2097 ut,
501 2033 584 2096 quae
607 2011 737 2095 sapiens
759 2033 826 2076 non
847 2011 970 2094 rideat,
997 2033 1036 2077 ea
1058 2011 1168 2077 videat
1182 2029 1213 2068 20

155 2102 304 2183 insanus,
332 2103 365 2165 et
387 2099 429 2184 is,
458 2101 513 2185 qui
536 2100 695 2165 humanos
719 2120 833 2163 sensus
857 2099 1018 2184 amiserit,
1041 2099 1167 2164 divinos

156 2189 327 2254 adsecutus
351 2188 417 2253 sit?
456 2186 600 2273 Sibyllae
623 2209 736 2254 versus
759 2187 980 2272 observamus,
1004 2209 1085 2273 quos
1108 2188 1168 2253 illa

155 2277 267 2342 furens
289 2276 411 2342 fudisse
436 2278 562 2343 dicitur.
606 2273 750 2352 Quorum
772 2277 933 2360 interpres
956 2298 1060 2362 nuper
1081 2275 1168 2340 falsa

157 2365 297 2451 quadam
323 2366 493 2431 hominum
515 2365 604 2430 fama
627 2364 771 2430 dicturus
793 2364 829 2428 in
852 2368 967 2429 senatu
989 2364 1168 2448 putabatur

157 2477 244 2538 oum,
271 2477 368 2539 quem
393 2476 429 2519 re
456 2476 534 2519 vera
559 2475 670 2539 regem
692 2452 907 2536 habebamus,
935 2452 1167 2537 appellandum
1181 2469 1209 2509 2⁵

157 2565 285 2698 rur
300 2564 394 2696 tlt
409 2543 595 2715 “stul
619 2541 801 2695 Nisi?
815 2541 1015 2715 stlta
1037 2539 1168 2715 tul

157 2722 229 2786 est?
261 2720 377 2787 callide
399 2681 507 2802 ’enim,
539 2719 594 2804 qui
623 2719 683 2783 illa
712 2717 908 2803 composuit,
940 2717 1090 2803 perfecit,
1121 2721 1168 2802 ut,

156 2809 380 2895 quodcumque
398 2808 577 2891 accidisset,
598 2805 799 2892 praedictum
817 2806 981 2871 videretur
998 2806 1167 2871 hominum

105 2902 200 2964 met
223 2903 406 2983 temporum
430 2896 616 2961 defiuitione
640 2894 780 2960 sublata.
816 2894 977 2960 Adhibuit
1000 2895 1099 2960 etiam
1122 2895 1167 2959 la·
1180 2911 1208 2952 ³0

156 2987 285 3052 tebram
312 2984 537 3069 obscuritatis,
567 2988 605 3049 ut
631 2984 729 3048 iidem
755 3004 869 3049 versus
896 2984 979 3049 alias
1006 2982 1041 3048 in
1068 2983 1168 3049 aliam

156 3096 227 3141 rem
251 3095 348 3160 posse
371 3073 608 3139 accommodari
630 3071 824 3137 viderentur.
865 3071 942 3137 Non
964 3093 1034 3136 esse
1058 3075 1168 3137 autem

156 3162 240 3228 illud
262 3184 393 3229 carmen
414 3161 551 3227 furentis
575 3183 648 3227 cum
670 3162 779 3245 ipsum
801 3165 918 3246 poema
941 3160 1086 3225 declarat
1103 3157 1168 3247 (est

158 3251 244 3315 enim
271 3251 378 3337 magis
406 3250 486 3315 artis
514 3254 548 3315 et
574 3249 764 3335 diligentiae
791 3271 888 3333 quam
910 3248 1112 3313 incitationis
1134 3252 1169 3313 et

158 3337 295 3422 motus),
326 3343 398 3403 tum
425 3359 503 3403 vero
531 3360 582 3421 ea,
610 3359 693 3422 quse
720 3332 909 3421 ἆκροστιχίς
936 3337 1067 3420 dicitur,
1094 3353 1208 3402 cum-³⁶

158 3426 309 3512 deinceps
336 3448 375 3491 ex
401 3426 517 3509 primis
538 3427 640 3509 primi
666 3426 810 3506 cuiusque
831 3446 944 3489 versus
968 3424 1089 3489 litteris
1112 3426 1169 3490 ali-

158 3514 236 3600 quid
258 3514 447 3598 conectitur,
469 3517 507 3578 ut
528 3514 564 3579 in
581 3512 776 3599 quibusdam
794 3511 965 3577 Ennianis:
989 3529 1021 3587 Q.
1040 3530 1168 3579 snmus
