2654 3912
418 318 487 374 urs.
505 319 554 374 111.
573 317 650 374 CAP.
672 325 714 387 19,
732 323 775 374 ao.
796 323 812 385 s
830 323 944 374 43-49.
1122 318 1189 382 449

179 465 311 551 publica
333 486 461 549 semper
483 464 633 529 volumus
653 484 732 528 esse.
769 461 867 548 Apud
886 462 1025 546 eosdem,
1049 461 1104 547 qui
1123 485 1189 528 ma·

180 555 322 640 gistratu
336 553 484 637 abierint,
503 553 600 617 edant
614 555 647 617 et
661 557 833 636 exponant,
852 552 928 635 quid
943 552 977 615 in
991 552 1190 637 magistratu

203 642 355 725 asserint,
387 641 488 725 deque
519 641 560 706 iis
593 662 741 706 censores
773 640 1004 725 praeiudicent.
1051 639 1123 707 Hoc
1154 641 1189 705 in

180 664 318 796 graecia
339 729 379 795 fit
400 729 529 816 publico
551 728 737 795 constitutis
761 729 1019 812 accusatoribus3
1042 728 1098 813 qui
1121 728 1189 813 qui·

23 828 26 833 ’
153 819 253 884 odem
284 827 401 905 graues
431 839 501 883 esse
529 839 596 883 non
623 821 775 902 possunt,
807 817 871 882 nisi
899 821 976 882 sunt
1003 817 1189 883 voluntarii.

180 907 337 984 Quocirca
368 906 483 972 melius
515 906 658 972 rationes
690 905 817 990 referri,
849 927 1043 990 causamque
1071 904 1189 992 exponi

179 997 379 1080 censoribus,
399 996 563 1083 integram
580 998 692 1060 tamen
709 994 785 1081 legi,
808 994 990 1061 accusatori
1007 994 1189 1078 iudicioque

181 1107 313 1151 servan.

247 1171 310 1238 Sed
342 1173 422 1239 satis
453 1173 520 1238 iam
552 1172 754 1257 disputatum
786 1174 837 1237 est
864 1172 903 1237 de
931 1171 1190 1256 magistratibus,

142 1262 244 1328 ronisi
270 1262 356 1328 forte
384 1261 460 1346 quid
488 1260 687 1326 desideratis.
732 1258 809 1327 'Ara
832 1258 937 1336 Quid?
967 1261 996 1324 si
1020 1282 1081 1325 nos
1104 1263 1189 1325 tace·

180 1373 266 1436 mus,
289 1351 379 1416 locus
402 1351 472 1435 ipse
494 1354 528 1415 te
550 1371 617 1416 non
639 1349 801 1433 admonet,
825 1349 902 1433 quid
924 1349 987 1414 tibi
1009 1349 1053 1413 sit
1076 1348 1189 1413 deiude

181 1439 372 1505 dicendum?
403 1440 452 1505 M.
470 1437 615 1504 Mihine?
639 1438 679 1503 de
696 1437 822 1503 iudiciis
841 1437 993 1522 arbitror,
1016 1436 1190 1521 Pomponi3

180 1528 212 1591 id
245 1532 296 1592 est
323 1529 409 1593 enim
436 1528 582 1593 iunctum
610 1527 867 1613 magistratibus.
913 1527 989 1592 Ara
1017 1524 1122 1602 Quid?
1151 1525 1189 1591 de
1209 1541 1242 1589 48
1307 1561 1317 1570 ι

143 1704 573 1770 ,ὅ
594 1614 1125 1780 ,reru
1140 1614 1191 1767 a

182 1792 269 1875 quod
297 1728 475 1877 requirasi)
506 1794 584 1859 Arr.
610 1791 747 1878 Egone?
778 1792 863 1877 quod
892 1792 1039 1879 ignorari
1069 1791 1110 1858 ab
1140 1791 1191 1875 iis,

182 1880 238 1965 qui
260 1880 295 1944 in
318 1902 353 1945 re
375 1881 507 1968 publica
529 1885 709 1965 versantur,
732 1881 957 1967 turpissimum
981 1884 1070 1965 puto.
1093 1878 1189 1945 Nam

180 1972 218 2032 ut
245 1969 341 2035 modo
370 1992 390 2034 a
415 1973 449 2034 te
477 1969 599 2034 dictum
627 1973 677 2034 est
704 1970 793 2057 leges
822 1993 841 2036 a
867 1969 1011 2035 librariis
1034 1968 1116 2054 peti,
1144 1968 1191 2032 sic

182 2056 405 2122 animadverto
437 2058 610 2142 plerosque
641 2058 678 2123 in
708 2058 956 2143 magistratibus
984 2056 1190 2143 ignoratione

141 2145 261 2210 sciuris
289 2146 340 2211 sui
362 2150 491 2212 tantum
514 2167 642 2231 sapere,
670 2150 828 2231 quantum
851 2145 1055 2231 apparitores
1078 2146 1190 2211 velint.

181 2232 286 2310 Quam
314 2234 356 2300 ob
383 2257 467 2318 rem,
495 2234 523 2299 si
551 2235 589 2299 de
612 2256 778 2300 sacrorum
802 2233 997 2301 alienatione
1021 2233 1189 2300 dicendum

181 2323 315 2407 putasti,
334 2323 488 2407 quoniam
502 2323 541 2389 ds
556 2322 713 2408 religione
728 2323 817 2410 leges
832 2345 1059 2409 proposueras,
1072 2322 1190 2389 facien·

181 2410 257 2475 dum
289 2410 351 2475 tibi
383 2416 447 2496 est,
479 2415 516 2476 ut
548 2411 796 2496 magistratibus
828 2412 901 2498 lege
933 2411 1121 2478 constitutis
1151 2411 1190 2475 de

180 2502 382 2582 potestatum
405 2501 474 2565 iure
494 2500 648 2585 disputes.
678 2501 727 2565 M.
745 2498 877 2565 Faciam
895 2500 1047 2581 breviter,
1071 2499 1100 2565 si
1117 2520 1189 2564 con·
1208 2510 1242 2561 49

142 2603 168 2644 ²⁶
182 2586 274 2737 {ru
293 2587 1191 2761 utruuuuuuuuu'suscitata

182 2761 369 2848 diligentem
399 2786 460 2830 nos
493 2768 602 2830 autem
634 2765 673 2830 de
699 2765 769 2830 iure
795 2768 932 2831 naturae
960 2765 1105 2851 cogitare
1132 2785 1191 2850 per

180 2871 240 2914 nos
260 2854 357 2935 atque
375 2851 480 2918 dicere
498 2853 661 2939 debemus,
680 2853 718 2918 de
736 2854 805 2918 iure
823 2853 936 2940 populi
949 2852 1090 2919 Romani
1108 2874 1190 2938 quae

181 2938 296 3003 relicta
323 2943 400 3004 sunt
427 2944 460 3006 et
487 2942 617 3008 tradita.
661 2942 738 3008 Am.
761 2938 813 3008 Sic
840 2964 991 3028 prorsum
1019 2944 1190 3009 consecet

142 3044 168 3084 so
181 3025 215 3090 id
236 3026 353 3113 ipsum,
376 3029 462 3114 quod
485 3030 574 3115 dicis,
597 3034 739 3115 expecto.

580 3209 790 3220 ——-.-..-—

522 3309 845 3394 FRAGMENTA

437 3438 648 3502 umuoauu
669 3442 723 3502 nn
747 3441 931 3504 ruamus.

250 3559 279 3626 1.
300 3558 442 3627 Lactcnt
464 3561 536 3628 inst.
554 3562 614 3627 div.
627 3560 752 3631 11119.
766 3567 790 3630 2
811 3565 860 3630 At
875 3561 934 3641 uls,
956 3562 1012 3646 qai
1028 3561 1065 3627 de
1081 3563 1190 3630 mosa

180 3645 258 3714 tono
275 3650 443 3732 amputant,
460 3651 504 3717 sic
521 3656 793 3735 arpumcatcntur:
813 3652 863 3719 ‘Si
878 3650 960 3717 attat
973 3655 1097 3734 estpost
1109 3672 1177 3718 mor

234 3760 289 3806 010.
302 3762 344 3806 ιν.
358 3765 378 3806 a
940 3760 974 3812 29
