2652 3920
392 181 461 238 LIB.
479 182 515 237 11.
539 181 615 237 cAP.
634 189 748 238 44-4r.
771 189 786 250 e
805 188 918 238 ea-ae.
1093 182 1155 247 231

217 326 322 404 Quid?
355 326 477 392 illudue
508 326 641 392 dubium
671 330 734 411 est,
764 326 843 412 quin
871 328 982 412 multi,
1009 349 1084 394 eum
1110 309 1210 393 ita46

149 416 221 482 nati
252 418 374 500 emant,
405 419 443 481 ut
476 414 634 500 quaedam
660 420 774 481 contra
799 420 951 481 naturam
980 416 1158 502 depravata
1176 388 1213 457 ⁹⁶

148 504 317 588 haberent,
330 504 579 570 restituerentur
592 506 626 568 et
638 504 879 590 corrigerentur
892 503 934 568 ab
943 507 1070 572 natura.
1084 526 1158 570 cum

150 615 186 658 se
208 593 281 678 ipsa
302 595 496 674 revocasset,
519 594 671 663 antarta
693 596 791 676 atque
809 591 990 659 medicina?
1012 597 1059 677 ut,
1081 608 1158 677 quo

108 700 224 750 urum
254 681 386 766 linguae
413 681 460 747 sic
489 680 708 765 inhaererent,
740 684 777 746 ut
804 680 894 764 loqui
922 702 989 747 non
1014 685 1158 766 possent,

150 790 207 835 eae
234 769 391 854 scalpello
418 773 561 835 resectae
588 768 813 835 liberarentur.
852 768 951 835 Multi
978 770 1077 835 etiam
1103 792 1157 835 na·

149 862 243 923 turae
269 858 386 924 vitium
414 856 625 927 meditatione
648 861 747 941 atque
769 856 999 924 exercitatione
1020 859 1159 924 sustula

149 950 240 1031 runt,
271 949 309 1010 ut
337 945 591 1012 Demosthenem
619 945 733 1012 scribit
760 944 953 1032 Phalereus,
982 969 1056 1013 cum
1085 962 1157 1015 ΒΗΘ

150 1035 255 1100 dicere
285 1034 449 1119 nequiret,
480 1033 715 1100 exercitatione·
736 1034 864 1120 fecism,
895 1038 933 1100 ut
959 1035 1158 1122 planissume

111 1148 136 1189 ro
150 1124 279 1189 diceret.
319 1121 442 1199 Quodsi
467 1122 548 1188 haec
575 1127 665 1188 astro
692 1122 884 1209 ingenerata
912 1127 946 1190 et
967 1124 1089 1190 tradita
1111 1146 1159 1189 es·

150 1216 231 1296 sent,
254 1212 346 1277 nulla
367 1232 419 1276 res
443 1233 482 1276 ea
499 1214 626 1276 mutare
642 1215 764 1297 posset.
800 1209 905 1288 Quid?
928 1211 1158 1278 dissimilitudo

150 1301 296 1367 locorum
322 1321 429 1366 nonne
456 1299 626 1365 dissimilis
647 1299 816 1365 hominum
839 1301 1081 1386 procreationes
1102 1300 1158 1367 ha

149 1389 227 1454 bet?
251 1410 332 1472 quas
356 1387 485 1473 quidem
506 1406 693 1473 percurrere
716 1388 864 1453 oratione
884 1387 1058 1474 facile'est,
1081 1388 1159 1474 quid

148 1477 234 1542 inter
251 1475 350 1542 Indos
374 1480 407 1541 et
420 1475 545 1560 Persas,
568 1475 749 1561 Aethiopas
772 1479 806 1541 et
823 1473 923 1559 Syros'
945 1476 1074 1543 differat
1091 1499 1159 1544 eor·

111 1587 135 1629 u
148 1565 298 1654 poribus,
321 1564 448 1649 animis,
469 1568 507 1629 ut
529 1563 727 1630 incredibilis
750 1564 892 1636 varietas
915 1564 1159 1631 dissimilitudo·

149 1674 212 1740 que
230 1653 282 1719 sit.
313 1653 364 1726 hlx
383 1674 448 1738 quo
465 1652 668 1739 intellegitur
686 1651 760 1738 plus
778 1657 941 1718 terrarum
958 1652 1042 1720 situs
1060 1675 1159 1739 quam
1176 1669 1211 1721 ar
1284 1673 1291 1687 ·

148 1744 245 1818 ltmae
271 1745 379 1808 tactus
408 1742 449 1807 ad
471 1740 668 1807 nascendum
690 1740 809 1807 valere.
847 1739 935 1807 Nam
958 1740 1043 1826 quod
1066 1743 1159 1808 aiunt

150 1829 390 1917 quadringenta
421 1829 633 1916 septuaginta
663 1829 755 1895 milia
786 1848 946 1896 annorum
972 1831 1007 1895 in
1028 1831 1159 1917 ,pericli-

149 1919 258 1985 tandis
287 1917 556 2005 experiundisque
582 1918 706 2004 pueris,
733 1918 926 2004 quicumque
949 1923 1058 1984 esseut
1078 1920 1159 2005 nati,

110 2030 136 2071 ro
149 2008 350 2094 Babylonios
372 2006 528 2093 posuisse,
551 2005 685 2091 falluut3
708 2006 737 2072 si
755 2007 841 2072 euim
859 2009 946 2073 esset
962 2006 1158 2094 factitatum,

149 2120 216 2164 non
241 2100 328 2163 esset
356 2096 511 2180 desitum3
541 2095 703 2161 neminem
731 2099 840 2161 autem
865 2094 1023 2161 habemus
1050 2098 1159 2162 auctoss

149 2208 228 2271 rem,
250 2185 307 2271 qui
329 2184 362 2249 id
385 2189 444 2250 aut
464 2184 535 2249 fieri
558 2184 644 2250 dicat
667 2184 870 2250 autfertum
893 2184 984 2250 sciat.
1016 2183 1158 2250 Videsne
1167 2190 1209 2254 47

149 2297 201 2341 me
223 2296 289 2341 non
312 2296 351 2339 ea
373 2274 488 2357 dicere,
510 2294 592 2358 quae
611 2270 804 2357 Carneades,
825 2272 883 2338 sed
899 2294 948 2356 ea,
971 2294 1053 2358 quac
1071 2274 1158 2360 prin·

150 2385 225 2449 ceps
247 2360 433 2428 Stoicorum
453 2360 629 2427 Panaetius
655 2361 795 2426 dixerit?
829 2360 902 2447 ldgo
926 2366 1036 2427 autem
1058 2362 1158 2428 etiam

41 2446 47 2461 ’
110 2471 136 2513 aa
149 2453 230 2518 haec
247 2450 390 2535 requiro:
413 2470 576 2534 omnesne,
598 2449 654 2534 qni
668 2447 830 2515 Cannensi
847 2470 959 2536 pugna
976 2449 1160 2534 ceciderint,

149 2562 214 2605 uno
246 2543 336 2605 astro
367 2537 503 2622 fuerint3
534 2537 639 2603 exitus
671 2538 800 2623 quidem
832 2538 976 2603 omnium
1009 2559 1092 2604 unus
1124 2542 1159 2604 et

149 2628 236 2694 idem
256 2626 330 2692 fuit.
366 2625 471 2702 Quid?
495 2626 551 2712 qui
570 2626 702 2712 ingenio
721 2630 818 2711 atque
837 2625 946 2692 animo
966 2625 1161 2713 singulares,

149 2738 228 2782 num
252 2719 342 2781 astro
365 2736 492 2800 quoque
515 2714 602 2780 uno?
626 2713 712 2800 quod
734 2714 821 2780 enim
843 2717 982 2799 tempus,
1005 2736 1073 2799 quo
1091 2735 1158 2781 non

150 2802 403 2870 innumerabiles
430 2803 629 2869 nascantur?
659 2806 694 2868 at
721 2806 807 2869 certe
835 2802 951 2868 similis
973 2823 1069 2868 nemo
1091 2801 1158 2868 Ho-

111 2912 138 2953 ro
150 2892 241 2959 meri.
275 2891 330 2976 Et,
352 2892 382 2956 si
404 2891 445 2957 ad
462 2913 532 2957 rem
549 2891 701 2977 pertinet,
723 2913 789 2975 quo
805 2891 901 2957 modo
920 2891 1011 2957 caelo
1030 2890 1157 2958 anau
1176 2904 1209 2954 aa

150 2980 393 3068 conpositisque
411 2979 569 3045 sideribus
589 2979 737 3065 quodque
755 2979 877 3046 animal
895 2979 1029 3065 oriatur,
1048 2979 1158 3046 valeat

149 3071 184 3137 id
205 3083 336 3137 necesse
359 3073 409 3134 est
430 3090 498 3135 non
518 3068 554 3133 iu
575 3068 761 3134 hominibus
784 3069 900 3153 solum,
922 3090 1035 3134 verum
1052 3068 1088 3134 iu
1105 3068 1158 3135 ba

150 3159 223 3225 stiie
251 3158 364 3241 etiam,
392 3178 457 3243 quo
484 3155 561 3242 quid
586 3160 697 3242 potest
719 3156 782 3223 diei
805 3156 998 3223 absurdius?
1030 3155 1066 3224 n.
1090 3157 1158 3243 qui·

151 3249 223 3314 dem
246 3247 399 3312 Tarutius
421 3244 607 3328 Firmanus,
632 3243 803 3312 familiaris
830 3249 955 3328 noster,
981 3245 1016 3312 in
1042 3245 1157 3333 primis

110 3353 137 3395 ⁸5
151 3335 336 3402 Chaldaicis
368 3332 550 3401 rationibus
581 3333 741 3419 eruditus,
773 3334 862 3400 urbis
895 3334 994 3400 etiam
1024 3338 1157 3400 nostrae

150 3425 296 3491 namlem
317 3424 403 3494 diem
425 3422 595 3509 repetebat
618 3422 659 3488 ab
681 3422 722 3488 iis
744 3422 922 3507 Parilibus,
945 3422 1062 3508 quibus
1084 3444 1156 3488 eam
1225 3505 1227 3508 Α

152 3512 334 3579 aRomulo
361 3512 524 3579 conditam
552 3511 747 3596 accepimus,
773 3510 990 3597 Romamque,
1016 3510 1052 3575 iu
1078 3508 1156 3596 ingo
