2652 3920
389 209 458 265 Lus.
477 210 499 263 1.
523 208 600 264 csP.
621 216 734 266 15-17.
757 215 905 277 sss-sa
1086 210 1148 275 157

139 353 304 438 Crassum,
327 352 405 439 quid
427 358 618 419 eventurum
635 357 731 439 esset,
752 353 817 421 nisi
834 353 983 431 cavisset.
1022 353 1076 421 lta
1094 357 1152 422 aut

140 443 199 510 ille
221 442 428 509 obnuntiatio
450 442 533 508 nihil
552 442 656 508 valuit
675 445 741 527 aut,
764 443 801 527 si,
823 446 862 509 ut
874 441 1002 530 Appius
1020 443 1151 526 iudicat,

140 531 258 615 valuit,
280 530 315 595 id
337 531 451 616 valuit,
474 535 512 598 ut
533 534 702 616 peccatum
723 531 858 598 haereat
878 553 945 598 non
967 531 1003 597 in
1025 553 1073 617 eo,
1095 531 1152 616 qui

141 618 313 703 monuerit,
336 618 394 685 sed
415 618 451 685 in
472 640 522 704 eo,
544 620 600 705 qui
621 641 689 686 nou
711 620 956 706 obtemperarit.

112 727 127 767 s
208 706 313 783 Quid?
336 707 439 774 lituus
460 707 524 774 iste
546 712 663 792 vester,
686 708 772 794 quod
791 708 1019 775 clarissumum
1036 711 1087 774 est
1104 706 1152 775 in·
1164 713 1203 777 17

142 796 234 882 signe
257 799 452 884 auguratus,
467 797 552 862 unde
574 796 669 863 vobis
691 799 742 862 est
764 796 927 864 stadim?
963 795 1090 883 Nempe
1113 818 1151 877 eo

141 884 300 951 Romulus
327 884 478 972 regiones
506 884 623 950 dmexit
648 887 734 970 tum,
760 907 834 952 cum
861 886 976 951 urbem
999 885 1152 952 condidit.

142 972 205 1048 Qui
227 972 357 1057 quidem
375 972 508 1039 Romuli
530 972 642 1058 lituus,
663 973 698 1039 id
720 977 771 1040 est
792 974 962 1041 incurvum
984 977 1018 1041 et
1035 974 1152 1040 leviter

142 1084 162 1125 a
184 1082 312 1128 summo
334 1061 489 1128 inflexum
510 1062 681 1148 bacillum,
709 1062 795 1147 quod
818 1062 860 1128 ab
883 1062 953 1129 eius
975 1062 1064 1147 litui,
1087 1084 1151 1148 quo

102 1167 128 1206 ιο
142 1149 284 1234 canitur,
310 1149 522 1216 similitudine
548 1171 668 1218 nomen
693 1149 831 1235 invenit,
857 1172 932 1218 cum
958 1151 1043 1218 situs
1065 1154 1153 1217 esset

141 1239 176 1302 in
202 1238 292 1304 curia
314 1234 492 1323 Saliorum,
519 1260 601 1324 quae
629 1239 736 1321 estin
757 1238 903 1324 Palatio,
932 1261 1034 1325 eaque
1057 1240 1153 1307 defia-

143 1327 317 1414 gravisset,
343 1327 494 1393 inventus
522 1331 573 1393 est
598 1327 735 1415 integer.
780 1327 886 1404 Quid?
914 1329 1028 1394 multis
1056 1328 1151 1394 annis
1169 1343 1203 1393 31

141 1418 217 1501 post
242 1415 418 1483 Romulum
440 1415 552 1483 Prisco
580 1420 738 1502 regnante
761 1415 937 1501 Tarquinio
966 1417 1039 1503 quis
1066 1421 1152 1484 vete

141 1528 213 1570 rum
236 1505 432 1591 scriptorum
453 1526 521 1571 non
542 1504 697 1590 loquitur,
720 1526 803 1589 quae
821 1504 865 1569 sit
883 1506 925 1571 ab
943 1506 1026 1572 Atto
1043 1503 1152 1572 Navio

102 1612 127 1651 1⁵
141 1615 200 1678 per
217 1593 336 1659 lituum
349 1594 520 1681 regionum
533 1591 623 1660 facta
636 1592 827 1679 discriptio?
854 1592 1004 1669 Quicum
1018 1598 1153 1696 propter

141 1686 366 1768 paupertatem
398 1703 472 1749 sues
504 1704 585 1768 puer
610 1684 774 1768 pasceret,
804 1704 870 1747 una
896 1704 935 1747 ex
962 1682 1004 1748 iis
1031 1704 1153 1749 amrssa

142 1770 268 1836 vovisse
292 1770 419 1855 dicitur,
441 1770 476 1836 si·
488 1774 721 1856 recuperasset,
742 1793 839 1837 uram
858 1792 893 1837 se
912 1771 971 1836 deo
991 1770 1153 1855 daturum,
1221 1853 1224 1864 ν

142 1880 224 1941 quae
251 1858 393 1923 maxima
420 1863 507 1925 esset
532 1859 569 1925 in
594 1858 703 1943 vinea3
729 1859 841 1944 itaque
868 1881 926 1926 sue
953 1860 1088 1927 inventa
1111 1861 1152 1927 ad

142 1946 308 2011 meridiem
337 1949 487 2033 spectans
509 1947 545 2012 in
567 1947 663 2012 vinea
685 1948 792 2013 media
815 1948 932 2014 dicitur
955 1949 1152 2034 constitisse,

101 2052 276 2120 sucumque
304 2034 339 2100 in
366 2039 521 2120 quattuor
546 2036 654 2121 partis
679 2037 809 2103 vineam
835 2036 1000 2104 divisisset
1026 2038 1152 2124 trisque

140 2122 244 2208 partis
268 2145 344 2189 aves
368 2124 582 2208 abdixissent,
609 2128 726 2209 quarta
746 2128 857 2210 parte,
879 2148 962 2211 quae
985 2130 1057 2193 erat
1079 2127 1152 2193 reli·

141 2233 214 2296 qua,
232 2211 267 2276 in
284 2212 435 2299 regiones
454 2211 630 2279 distributa
648 2213 792 2279 mirabili
805 2213 1030 2301 magnitudine
1043 2238 1152 2300 uvam,

140 2303 177 2364 ut
200 2300 358 2386 scriptum
380 2299 540 2387 videmus,
561 2300 695 2368 invenit.
739 2300 811 2379 Qua
832 2324 868 2368 re
891 2303 1056 2370 celebrata
1077 2326 1151 2371 cum

140 2386 239 2454 vicini
262 2410 374 2455 omnes
398 2389 439 2455 ad
461 2410 536 2455 eum
558 2388 597 2455 de
620 2390 718 2456 rebus
735 2390 808 2457 ‘suis
831 2389 999 2475 referrent,
1024 2396 1095 2458 erat
1116 2393 1152 2457 in

101 2493 126 2532 ²⁵
141 2497 260 2629 idagsldo
271 2477 697 2633 riimldiscedsgdiddisedii
715 2477 1151 2655 qpouifpptppmesp,npptippp
1170 2495 1203 2543 32

141 2652 309 2718 scientiam
332 2658 521 2741 auguratus,
544 2654 626 2720 dixit
649 2654 680 2720 ei
701 2655 846 2742 cogitare
870 2678 905 2723 se
928 2657 1095 2742 quiddam3
1116 2657 1151 2723 id

140 2744 293 2826 possetne
314 2742 399 2827 fieri,
426 2743 598 2810 consuluit.
642 2741 705 2809 Ille
728 2744 864 2832 augurio
888 2747 961 2811 acto
985 2766 1081 2831 posse
1102 2767 1151 2811 re·

141 2828 281 2915 spondit
326 2829 522 2917 Tarquinius
550 2835 661 2898 autem
687 2831 770 2898 dixit
797 2854 831 2899 se
858 2833 1021 2919 cogitasse
1043 2837 1150 2900 cotem

101 2933 126 2973 ³⁰
140 2918 300 2984 novacula
316 2940 414 3005 posse
431 2919 583 3006 praecidi
617 2919 702 2986 Tum
715 2922 833 2987 Attum
851 2922 984 2987 iussisse
1002 2922 1151 3008 experiri
1189 2998 1191 3003 ¹

140 3006 192 3072 Ita
214 3011 322 3073 cotem
343 3007 379 3073 in
400 3007 569 3074 comitium
592 3008 730 3074 allatam
746 3009 949 3093 inspectante
968 3013 1002 3076 et
1019 3031 1098 3099 rege
1116 3014 1152 3077 et

139 3095 261 3181 populo
283 3096 444 3163 novacula
466 3117 537 3163 esse
560 3095 738 3162 discissam.
783 3094 834 3161 Ex
856 3118 895 3164 eo
918 3098 1036 3183 evenit,
1058 3102 1096 3164 ut
1118 3102 1151 3165 et

140 3183 334 3270 Tarquinius
357 3206 480 3272 augure
498 3184 580 3251 Atto
597 3183 706 3251 Navio
728 3187 875 3251 uteretur
897 3187 931 3251 et
952 3187 1093 3272 populus
1112 3187 1151 3254 de

140 3271 207 3338 suis
235 3273 333 3339 rebus
364 3274 405 3339 ad
435 3292 508 3339 eum
534 3273 678 3339 referret
723 3269 840 3338 (lotem
867 3276 975 3340 autem
1001 3275 1094 3341 illam
1117 3282 1152 3341 et
1169 3289 1203 3339 33

100 3374 125 3416 ⁸⁵
138 3362 332 3427 novaculam
364 3360 526 3428 defossam
557 3360 592 3426 in
621 3361 754 3428 comitio
783 3382 944 3448 supraque
970 3361 1150 3448 inpositum

138 3449 249 3532 puteal
273 3450 463 3536 accepimns.
507 3448 558 3514 Ne
583 3470 675 3516 emus
697 3448 822 3533 omnia,
844 3449 1072 3517 comburamus
1096 3472 1150 3516 an-

138 3536 239 3617 nales,
260 3537 339 3605 ficta
359 3539 439 3607 haec
461 3559 533 3604 esse
579 3537 710 3625 'camna
732 3537 865 3624 quidvis
883 3537 1021 3622 denique
1038 3538 1150 3625 potius
