2654 3924
229 1142 234 1149 x
375 1087 422 1161 u.
449 1018 612 1162 surm
641 1080 907 1162 monronis,
940 1142 942 1145 .
970 1080 974 1087 “
1007 1071 1012 1083 ’
1089 1185 1092 1189 ,

251 1236 999 1386 'nnnueussuion

311 1424 499 1525 mnnonuu
519 1424 703 1516 saronis
722 1445 955 1521 maustauron.
1007 1498 1009 1527 2
1036 1436 1046 1525 J
1128 1450 1132 1454 ’

431 1661 786 1807 '³nrnunrn1uus.
837 1790 852 1803 ,.

446 1830 820 1928 insumentum

200 2001 270 2057 Cum
287 2001 324 2058 M.
344 2000 429 2055 Tullii
453 2000 520 2055 libri
543 2000 578 2055 de
601 2017 631 2055 re
654 2000 779 2070 publica,
806 1999 835 2054 in
859 2000 959 2070 quibus
984 1998 1138 2057 scribendis

127 2073 185 2128 iam
203 2073 273 2128 *inde
296 2073 332 2128 ab
350 2089 423 2127 anuo
441 2090 467 2127 u.
478 2089 510 2128 a
531 2077 583 2138 ⁷00
602 2072 754 2142 occupatus
772 2071 876 2137 fuerat,
899 2070 1026 2126 ediderat
1043 2073 1139 2126 autem

128 2147 187 2200 fere
205 2160 279 2199 anno
297 2161 323 2199 u.
339 2160 362 2198 o.
378 2150 439 2209 703,
458 2135 506 2196 diu
524 2140 676 2196 desiderati
696 2143 789 2197 essent
803 2142 840 2209 et,
859 2141 949 2196 sicubi
963 2158 1028 2214 spes
1042 2158 1138 2196 eorum

128 2214 382 2286 recuperandorum
396 2213 520 2268 vsubnata
538 2214 620 2280 esset,
639 2228 749 2283 semper
766 2212 936 2279 evanuisset,
954 2211 1069 2268 tandem
1082 2214 1138 2267 An-

129 2286 209 2357 gelus
227 2284 317 2340 Malus
335 2286 395 2353 has,
414 2300 483 2354 quas
497 2300 571 2353 nuuc
584 2283 728 2351 habemus,
747 2300 843 2338 eorum
857 2283 990 2355 librorum
1004 2283 1138 2355 reliquias

121 2346 158 2411 'in
182 2357 278 2412 codice
298 2355 435 2411 Vaticano
451 2354 638 2425 palimpsesto
657 2353 766 2409 invenit
784 2359 814 2410 et
832 2353 1000 2415 coniunctas,
1014 2372 1076 2410 oum
1095 2372 1138 2409 ce·

129 2427 196 2482 teris
215 2424 490 2497 fragmentisedidit
504 2438 580 2479 anno
599 2424 681 2478 huius
701 2425 807 2480 saeculi
822 2412 908 2478 XXII.
938 2423 1068 2490 Quaerad
1082 2424 1138 2498 pri·

130 2514 205 2551 mum
222 2494 325 2551 librum
379 2497 494 2562 rtinent,
513 2496 548 2550 de
566 2494 601 2550 iis
620 2495 678 2550 fere
696 2495 767 2551 haec
786 2494 1003 2569 dicendasunt
1130 2526 1134 2532 ι

162 2604 166 2610 ·
201 2566 339 2622 Cicero'P
368 2568 443 2622 tonis
464 2568 498 2622 ‘et
513 2565 675 2621 Aristotelis
699 2567 826 2637 exemplo
849 2567 887 2621 de.
906 2583 938 2621 re
959 2565 1074 2636 publica
1097 2567 1138 2621 in·

131 2638 225 2693 stituit
246 2637 380 2706 sorib‘er'e,
405 2640 451 2705 ut,
476 2636 500 2691 si
523 2650 579 2706 qua
600 2639 697 2706 posset
714 2637 857 2708 labantem
875 2637 932 2691 iam
950 2637 1137 2692 Romanorum

130 2725 189 2763 rem
206 2707 349 2778 publicam
366 2706 485 2763 oonsilio
504 2709 669 2775 sustentare,
688 2704 759 2761 nihil
778 2707 906 2763 omisisse
924 2707 1074 2763 videretur.
1098 2709 1139 2765 Ut

130 2795 197 2834 vero
221 2778 280 2832 sine
298 2777 358 2832 ulla
374 2777 482 2832 invidie.
500 2776 669 2860 disputaret,
693 2776 912 2848 disputationem
930 2794 986 2832 non
1005 2795 1023 2832 a
1040 2795 1070 2834 se
1088 2782 1138 2833 aut

131 2866 190 2921 suo,
203 2851 343 2920 tempore,
367 2848 418 2903 sed
438 2846 625 2903 abdiritano
648 2847 756 2903 minore
774 2847 913 2904 Tuditano
932 2848 1046 2916 Aquilio
1066 2866 1136 2906 coss.

131 2926 191 2987 (625
211 2935 236 2975 a.
255 2937 281 2973 u.
301 2922 336 2988 o.)
357 2918 483 2974 habitam
501 2918 590 2989 fingit.
623 2918 667 2972 Ad
690 2920 778 2986 hune,
801 2920 886 2990 paulo
905 2921 971 2974 ante
989 2936 1073 3000 quam
1092 2938 1138 2976 er-

130 2991 249 3046 stinotus
272 2991 329 3055 est,
349 2989 428 3045 feriis
447 2990 554 3059 Latinis
578 2992 767 3060 convenerant
788 2990 897 3058 aliquot
915 2989 1081 3059 familiares,
1106 2989 1152 3061 Q„

129 3061 226 3117 Aelius
240 3060 359 3124 Tubero,
376 3059 457 3115 Pauli
475 3076 509 3116 ex
523 3059 644 3115 Aemilia
663 3077 759 3130 nepos,
779 3078 873 3116 sorore
887 3058 1021 3126 Africani,
1040 3061 1070 3117 L.
1085 3061 1138 3116 Fu·

129 3132 186 3188 rius
204 3131 314 3199 Philus,
337 3130 366 3186 P.
387 3129 509 3187 Rutilius
528 3130 629 3199 Rufus,
655 3130 702 3202 Sp.
721 3130 883 3200 Mummius,
908 3131 1025 3189 Achaici
1044 3133 1137 3200 frater,

129 3202 159 3261 C.
169 3202 298 3269 Fannius,
317 3201 406 3257 Lnelii
419 3219 512 3273 gener,
531 3201 562 3267 Q.
572 3200 681 3256 Mucius
691 3201 834 3269 Soaevola,
850 3201 879 3259 0.
889 3202 1000 3277 Laelius
1013 3203 1137 3277 Sapiens,

130 3273 175 3333 Μ’.
194 3272 334 3330 Manilius.
368 3272 489 3338 Quorum
508 3272 594 3328 aeteri
612 3289 675 3326 eum
693 3273 729 3328 de
747 3274 829 3328 rebus
849 3273 1017 3329 caelestibus
1035 3291 1138 3330 sormo-

127 3345 301 3410 oinarentur,
325 3343 437 3400 Laelius
457 3343 550 3415 'magis
573 3342 609 3398 ad
633 3358 663 3415 se
682 3344 821 3417 pertinere
840 3345 971 3416 ostendit
983 3358 1138 3401 sermonem

127 3415 165 3472 de
184 3432 213 3471 rs
232 3414 360 3487 publioa3
384 3432 467 3485 quem
485 3418 518 3470 ut
535 3414 667 3473 instituat
684 3414 832 3471 Africanus
852 3433 984 3484 suamque
1004 3415 1038 3470 de
1057 3432 1091 3470 ea
1108 3433 1138 3469 re

128 3486 297 3542 sententiam
321 3488 455 3557 exponat,
479 3485 580 3541 ceteris
598 3485 821 3542 adsentientibus
840 3487 889 3541 ille
907 3485 1047 3557 impetrat
1084 3486 1137 3540 Hie

128 3556 217 3630 igitur
234 3561 306 3629 (cap.
326 3562 371 3626 24)
390 3558 503 3613 undem
523 3556 668 3613 exordiens
687 3556 808 3627 primum
820 3556 926 3611 'definit
939 3556 1083 3611 notionem
1097 3557 1137 3610 rei
