2654 3924
174 186 241 251 320
534 183 583 237 DE
601 183 650 238 RE
668 182 824 238 PUBLIGA

174 330 279 417 regali
308 333 341 395 et
368 329 530 414 optumati
557 332 591 393 et
618 328 783 413 populari,
812 329 946 394 confusa
973 328 1098 395 modice
1124 349 1195 395 nec

174 418 335 504 puniendo
358 417 471 482 inritet
494 417 638 482 animum
660 418 824 482 inmanem
847 416 1021 483 acierum
1044 416 1195 500 (Nonius

169 530 204 590 p.
226 511 300 573 342.
323 508 391 592 28.)
956 568 959 574 ,

122 617 156 667 ca
174 624 201 676 p.
220 597 269 677 45]
343 596 592 677 ...quiaque
622 599 652 658 et
681 593 851 679 sexaginta
884 595 977 658 annis
1010 594 1191 679 antiquior,

176 683 261 768 quod
284 688 355 749 erat
371 701 523 748 xxxv1111
546 686 622 747 ante
640 682 781 767 primam
801 682 1026 767 Olympiadem
1044 684 1191 748 condita.
1223 703 1238 739 ⁵

173 773 220 837 Et
242 770 488 857 antiquissimus
510 771 566 836 ille
579 770 750 856 Lycurgus
772 770 884 835 eadem
906 771 989 836 vidit
1010 769 1087 836 fere.
1119 771 1190 836 Ita·

175 883 237 946 que
264 861 329 925 ista
357 859 573 943 aequabilitas
601 862 698 943 atque
720 858 783 924 hoc
805 859 926 945 triplex
948 881 1057 924 rerum
1078 860 1190 944 publi-

175 971 286 1016 carum
313 969 416 1036 genus
442 947 571 1013 videtur
598 947 680 1012 mihi
706 964 876 1013 commune
901 948 997 1014 nobis
1021 948 1189 1014 cumillis

174 1037 305 1124 populis
327 1036 437 1101 fuisse.
478 1033 557 1120 Sed,
584 1035 670 1120 quod
692 1036 861 1121 proprium
884 1036 991 1101 estin
1012 1041 1127 1102 nostra
1150 1059 1189 1102 re

175 1126 319 1211 publica,
348 1146 411 1209 quo
438 1123 522 1188 nihil
548 1124 654 1210 possit
682 1145 752 1189 esse
778 1125 991 1209 praeclarius,
1018 1125 1053 1190 id
1078 1147 1188 1211 perse·
1206 1147 1234 1187 ro

175 1244 202 1294 p.
216 1217 265 1296 46]
289 1235 379 1298 quar,
402 1213 431 1278 si
448 1217 573 1298 potero,
596 1212 764 1297 subtilius,
788 1213 875 1298 quod
893 1213 956 1278 erit
974 1213 1042 1279 eius
1063 1212 1067 1300 Ι
1087 1213 1189 1299 modi,

176 1303 259 1367 nihil
277 1306 315 1367 ut
332 1303 400 1367 tale
418 1303 485 1366 nlla
503 1301 538 1366 in
554 1301 740 1386 republica
758 1301 949 1386 reperiatur.
981 1301 1071 1369 Haec
1090 1303 1189 1388 enim,

177 1413 259 1476 quae
282 1391 386 1456 adhuc
409 1391 551 1475 exposui,
573 1390 621 1455 ita
644 1390 747 1455 mixta
768 1390 899 1455 fuerunt
922 1394 955 1455 et
977 1390 1012 1455 in
1030 1390 1092 1457 hac
1110 1391 1189 1457 eivi-

175 1484 244 1545 tate
274 1483 308 1545 et
330 1479 365 1543 in
386 1478 715 1544 Lacedaemoniorum
738 1483 771 1544 et
793 1479 829 1543 in
850 1477 1187 1566 Karthaginiensium,

123 1580 158 1630 43
176 1572 213 1634 ut
245 1572 429 1653 temperata
459 1567 550 1633 nullo
580 1567 702 1631 fuerint
731 1566 836 1632 modo.
880 1565 968 1632 Nam
995 1567 1030 1632 in
1058 1589 1121 1652 qua
1148 1590 1185 1632 re
1204 1588 1229 1628 1⁵
1305 1606 1306 1613 .

175 1657 308 1742 publiea
335 1660 385 1721 est
411 1678 495 1720 unus
519 1656 637 1740 aliquis
660 1659 817 1741 perpetua
838 1659 1016 1740 potestate,
1042 1677 1186 1741 praeser-

175 1746 236 1810 tim
259 1745 364 1831 regia,
388 1745 535 1828 quamvis
558 1745 594 1808 in
617 1766 655 1809 ea
678 1744 721 1808 sit
744 1747 777 1808 et
800 1748 945 1828 senatus,
968 1747 1005 1808 ut
1028 1747 1099 1808 tum
1121 1743 1186 1809 fuit

175 1834 309 1918 Romae,
332 1856 405 1899 cum
429 1837 522 1899 erant
544 1852 648 1916 regau,
670 1837 708 1897 ut
728 1829 865 1916 Spartae
883 1831 1025 1919 Lycurgi
1047 1832 1185 1919 legibus,

175 1951 203 2003 p.
223 1924 288 2004 145]
317 1926 349 1986 et
376 1925 413 1987 ut
441 1922 484 1986 sit
512 1920 644 2005 aliquod
671 1920 771 1986 etiam
797 1921 912 2006 populi
934 1921 939 2005 Ι
963 1921 1028 2005 iun,
1057 1925 1095 1987 ut
1120 1920 1185 1986 fuit
1234 1944 1239 1949 ’

176 2011 262 2096 apud
279 2013 410 2076 nostros
428 2031 532 2095 reges,
551 2013 662 2073 tamen
680 2009 761 2073 illud
776 2009 904 2075 excellit
916 2009 1044 2095 regium
1056 2031 1184 2093 nomen,
1199 2031 1228 2072 ao
1305 2022 1306 2033 ²

175 2121 279 2184 neque
309 2101 419 2183 potest
446 2099 514 2162 eius
542 2097 631 2161 modi
657 2118 709 2162 res
736 2097 869 2182 publiea
894 2119 962 2163 non
991 2119 1128 2184 regnum
1151 2102 1184 2163 et

177 2208 247 2252 esse
266 2189 299 2251 et
317 2187 435 2251 vocari.
467 2185 518 2250 Ea
537 2189 647 2249 autem
659 2185 766 2251 forma
780 2185 922 2251 civitatis
936 2186 1104 2252 mutabilis
1118 2209 1184 2252 ma·

176 2275 262 2340 xime
285 2273 442 2340 osthane
465 2274 507 2339 ob
531 2295 676 2358 eausam,
700 2273 786 2358 quod
807 2275 902 2339 nnius
926 2275 1006 2341 vitio
1029 2275 1184 2361 praecipi·

176 2367 249 2428 tata
263 2363 299 2427 in
312 2361 620 2447 perniciosissimam
633 2366 762 2445 partem
774 2362 930 2428 facillime
945 2363 1070 2429 decidit.
1097 2362 1184 2428 Nam

176 2453 284 2538 ipsum
313 2451 423 2536 regale
453 2471 554 2535 genus
585 2450 729 2516 civitatis
755 2473 821 2516 non
848 2451 944 2516 modo
970 2473 1038 2517 non
1064 2457 1116 2517 est
1137 2474 1182 2517 re
1197 2472 1224 2514 aa

176 2569 204 2621 p.
221 2542 286 2622 146]
304 2539 576 2626 prehendendum,
599 2539 656 2604 sed
677 2539 765 2605 haud
783 2539 850 2605 scio
869 2562 912 2605 an
928 2539 1064 2625 reliquis
1083 2540 1089 2626 Ι
1109 2541 1183 2606 sim-

176 2628 316 2715 plicibus
338 2628 436 2714 longe
456 2628 725 2713 anteponendum,
748 2628 776 2694 si
794 2628 899 2694 ullum
916 2629 1091 2714 probarem
1111 2629 1184 2694 sim·

176 2719 251 2804 plex
273 2717 322 2783 rei
344 2717 493 2802 publicae
517 2737 633 2804 genus,
656 2717 713 2782 sed
735 2717 793 2802 ita,
815 2716 921 2802 quoad
944 2721 1068 2783 statum
1091 2740 1183 2783 suum

176 2806 305 2872 retinet.
340 2804 374 2870 Is
398 2809 448 2870 est
471 2809 580 2870 autem
603 2809 719 2890 status,
742 2809 779 2870 ut
800 2805 896 2870 unius
918 2810 1076 2891 perpetua
1095 2810 1183 2891 pote-

177 2899 263 2961 state
292 2897 326 2960 et
352 2893 479 2959 iustitia
507 2894 659 2978 omnique
686 2893 847 2979 sapientia
873 2898 1007 2980 regatur
1034 2895 1124 2960 salus
1151 2898 1183 2959 et
1196 2912 1221 2954 ao

178 2982 394 3068 aequabilitas
420 2986 453 3047 et
476 2983 579 3048 otium
603 2982 730 3047 civium.
774 2982 901 3047 Desunt
923 2982 1055 3048 omnino
1079 2982 1109 3048 ei
1131 3005 1182 3068 po

177 3072 255 3157 pulo
283 3071 401 3155 multa,
428 3073 482 3154 qut
509 3070 570 3135 sub
592 3092 669 3157 rege
694 3074 756 3155 est,
784 3070 819 3136 in
840 3071 1018 3155 primisque
1040 3071 1183 3155 libertae,

179 3181 262 3244 quae
283 3181 351 3225 non
372 3159 407 3223 in
430 3181 467 3225 eo
491 3161 555 3244 est,
582 3162 619 3226 ut
641 3159 727 3225 iusto
751 3163 882 3224 utamur
904 3159 1048 3244 domino,
1071 3160 1128 3226 sed
1149 3163 1184 3225 ut

178 3249 281 3312 nullo.
296 3296 304 3312 .
318 3294 349 3313 ..

424 3334 663 3415 [Desideraatur
679 3337 817 3418 popinae
838 3337 939 3418 duca]
1154 3410 1157 3414 ,

126 3401 171 3527 ΞΞῙ
180 3450 209 3502 p.
220 3424 267 3504 15]
332 3471 363 3488 ..
378 3472 385 3486 .
399 3422 570 3488 ,ferebant
592 3423 724 3488 Etenim
742 3423 793 3488 illi
805 3424 928 3490 iniusto
943 3424 1074 3490 domino
1089 3429 1183 3509 atque
1196 3443 1219 3483 οῦ

181 3511 297 3575 acerbo
317 3509 460 3593 aliquam
477 3510 532 3575 diu
549 3511 585 3575 in
601 3512 698 3576 rebus
717 3512 869 3596 gerundis
886 3535 1043 3598 prospera
1056 3515 1184 3580 fortuna
