2654 3924
375 241 442 295 [1113.
461 243 496 297 ΙΙ.
522 242 598 298 CAP.
619 250 732 298 13-17.
757 249 771 308 ἓ
791 250 906 298 25-31,
1081 245 1145 308 315

136 386 277 452 Numam
304 385 514 472 Pythagorae
541 386 645 472 ipsius
672 386 867 472 discipulum
893 391 951 452 aut
977 392 1064 454 certe
1086 388 1147 473 Py·

135 476 330 561 thagoreum
351 473 476 539 fuisse?
495 475 501 561 Ι
521 495 618 561 saepe
638 475 724 540 enim
742 475 805 541 hoc
824 474 863 539 de
882 476 1010 540 maiori·
1032 479 1074 558 [p.
1094 494 1146 543 aas

135 565 196 628 bus
223 566 304 628 natu
332 562 514 628 audivimus
543 567 576 629 et
602 563 651 629 ita
673 563 892 649 intellegimus
914 565 1016 650 vulgo
1039 565 1147 630 existi-

136 651 233 734 mari3
259 673 364 734 neque
392 673 469 716 vero
494 651 575 717 satis
602 651 636 716 id
658 652 825 717 annalium
848 652 1053 737 publicorum
1076 675 1148 719 auc-

106 739 271 805 storitate
303 739 504 805 declaratum
535 740 690 806 ridemus.
740 741 823 805 Tum
855 738 977 826 Scipio:
1013 741 1147 807 Falsum

136 832 187 893 est
222 828 321 911 enim,
362 827 491 911 Manili,
526 828 647 914 inquit,
682 828 716 893 id
747 832 870 914 totum,
905 851 1009 914 neque
1041 830 1146 896 solum

136 917 257 1002 fictum,
280 916 336 981 sed
359 916 459 982 etiam
476 916 627 1002 imperite
646 917 847 1002 absurdeque
865 918 991 1002 fictum3
1014 940 1054 984 ea
1072 923 1148 984 sunt

136 1006 221 1070 enim
258 1004 388 1070 demum
420 1026 487 1071 non
518 1005 652 1072 ferenda
683 1007 719 1070 in
750 1007 930 1091 mendacio,
967 1029 1050 1092 quae
1081 1029 1148 1073 non

136 1094 242 1159 solum
273 1093 351 1158 ficta
384 1114 469 1178 esse,
501 1094 620 1159 sedne
649 1094 720 1159 fieri
752 1094 881 1178 quidem
907 1096 1054 1180 potuisse
1080 1118 1147 1162 cer-

95 1182 251 1247 unimus.
296 1181 383 1247 Nam
413 1186 566 1268 quartum
586 1182 591 1268 Ι
610 1184 677 1247 iam
705 1205 825 1247 annum
852 1188 1010 1270 regnante
1034 1186 1075 1267 [p.
1094 1200 1147 1251 aas

135 1270 234 1336 Lucio
254 1270 431 1355 Tarquinio
453 1268 600 1357 Superbo
624 1268 775 1356 Sybarim
802 1274 836 1335 et
858 1270 1035 1337 Crotonem
1058 1276 1091 1337 et
1112 1273 1148 1337 in

136 1381 191 1424 eas
209 1358 326 1424 Italiae
349 1360 454 1444 partis
468 1358 675 1444 Pythagoras
694 1359 821 1424 venisse
839 1361 1013 1444 reperitur3
1036 1359 1148 1445 Olym·

136 1448 207 1533 piae
229 1448 315 1512 enim
334 1448 474 1513 secunda
493 1451 526 1513 et
545 1446 749 1533 sexagesima
767 1447 879 1512 eadem
898 1444 1036 1533 Superbi
1054 1450 1148 1535 regni

136 1535 265 1602 initium
297 1538 331 1601 et
357 1535 565 1623 Pythagorae
598 1535 741 1606 declarat
774 1534 957 1600 adventum.
1004 1536 1054 1601 Ex
1082 1558 1146 1621 quo
1166 1552 1200 1602 aa

96 1643 122 1681 ro
137 1623 285 1710 intellegi
314 1624 413 1708 regiis
446 1623 539 1688 annis
571 1623 784 1689 dinumeratis
817 1627 927 1709 potest
963 1647 1047 1690 anno
1080 1625 1148 1691 fere

137 1712 313 1779 centesimo
338 1716 371 1776 et
395 1711 643 1799 quadragesimo
671 1716 747 1797 post
769 1716 909 1778 mortem
931 1710 1059 1778 Numae
1084 1714 1148 1799 pri·

137 1824 226 1866 mum
248 1800 380 1866 Italiam
397 1799 622 1886 Pythagoram
641 1798 647 1884 Ι
667 1800 831 1887 attigisse3
853 1822 960 1884 neque
975 1801 1038 1867 hoc
1057 1804 1098 1882 [p.
1113 1818 1147 1867 39

136 1888 221 1954 inter
245 1911 309 1973 e0S,
333 1889 389 1973 qui
412 1888 661 1976 diligentissime
684 1888 846 1973 persecuti
869 1891 946 1954 sunt
963 1893 1149 1975 temporum

137 1978 284 2061 annales,
315 1977 385 2042 ulla
416 1981 467 2043 est
498 1999 653 2062 umquam
681 1976 717 2041 in
743 1976 945 2043 dubitatione
972 1983 1149 2044 versatum.

93 2085 122 2124 20
136 2065 180 2131 Di
205 2066 411 2148 inmortales,
438 2065 545 2149 inquit
569 2065 736 2150 Manilius,
764 2069 906 2151 quantus
932 2065 996 2131 iste
1019 2071 1070 2132 est
1092 2067 1149 2132 ho

137 2155 260 2220 minum
288 2158 322 2219 et
348 2175 447 2239 quam
474 2154 674 2219 inveteratus
702 2155 807 2219 error!
843 2154 892 2219 Ac
919 2157 1031 2219 tamen
1051 2155 1149 2220 facile

136 2244 246 2328 patior
272 2265 339 2309 non
361 2264 432 2309 esse
454 2264 515 2308 nos
539 2242 766 2309 transmarinis
789 2264 849 2307 nec
871 2242 1048 2328 inportatis
1071 2244 1148 2308 arti-

136 2334 197 2396 bus
227 2332 385 2415 eruditos,
417 2331 474 2396 sed
504 2331 653 2417 genuinis
683 2330 932 2415 domesticisque
961 2332 1148 2397 virtutibus.
1160 2374 1201 2439 ,5

136 2420 239 2505 Atqui
265 2421 370 2485 multo
398 2419 432 2484 id
457 2419 586 2484 facilius
613 2440 803 2504 cognosces,
829 2418 936 2503 inquit
964 2419 1148 2504 Africanus,
1167 2452 1202 2500 30

96 2525 123 2565 25
139 2508 166 2571 si
186 2508 193 2591 Ι
211 2507 473 2593 progredientem
501 2529 570 2572 rem
597 2507 762 2592 publicam
790 2509 888 2592 atque
915 2507 951 2572 in
974 2530 1030 2593 op·
1053 2510 1094 2590 [p.
1113 2525 1148 2574 40

138 2595 255 2660 timum
283 2599 406 2660 statum
433 2595 576 2660 naturali
604 2595 743 2679 quodam
770 2595 888 2661 itinere
916 2599 949 2661 et
976 2618 1073 2662 cursu
1097 2618 1149 2661 ve·

138 2683 281 2749 nientem
307 2683 442 2766 videris3
471 2684 550 2767 quin
576 2683 639 2749 hoc
665 2683 738 2768 ipso
766 2684 961 2769 sapientiam
988 2684 1149 2749 maiorum

96 2770 101 2797 ³
138 2774 264 2835 statues
287 2792 357 2836 esse
379 2771 588 2856 laudandam,
616 2771 702 2856 quod
725 2774 830 2837 multa
851 2772 1024 2859 intelleges
1048 2772 1148 2837 etiarn

138 2858 268 2924 aliunde
300 2862 409 2923 sumta
440 2859 576 2925 meliora
607 2859 694 2944 apud
724 2881 785 2926 nos
816 2860 921 2926 multo
952 2882 1022 2925 esse
1051 2859 1148 2945 facta,
1187 2923 1193 2938 ,

95 2965 123 3005 ⁸0
138 2969 236 3032 quam
267 2946 315 3011 ibi
340 2946 491 3032 fuissent,
523 2948 606 3013 unde
632 2947 697 3013 huc
723 2949 886 3013 translata
913 2953 1022 3014 essent
1050 2953 1149 3035 atque

138 3035 195 3101 ubi
216 3035 358 3122 primum
378 3034 573 3119 extitissent,
593 3036 829 3123 intellegesque
850 3058 917 3102 non
936 3036 1074 3103 fortuito
1092 3060 1149 3124 po

137 3125 251 3209 pulum
280 3122 477 3208 Romanum,
510 3122 567 3189 sed
598 3124 733 3190 consilio
766 3129 799 3190 et
831 3124 1004 3211 disciplina
1035 3127 1149 3193 confir-

138 3209 272 3300 maltum
295 3233 366 3278 esse
388 3233 448 3278 nec
470 3216 580 3277 tamen
603 3212 796 3278 adversante
818 3212 959 3279 fortuna.
1039 3216 1081 3296 [p.
1095 3230 1147 3279 217

173 3373 176 3378 ,
202 3300 334 3366 Mortuo
364 3322 440 3387 rege
462 3299 625 3387 Pompilio
648 3299 780 3365 Pullum
803 3301 984 3368 Hostilium
1006 3303 1148 3404 populus
1160 3271 1200 3399 ¹3}
1264 3380 1267 3385 ,

95 3406 249 3476 arrogem
266 3389 429 3475 interrege
448 3392 586 3476 rogante
599 3388 741 3455 comitiis
755 3391 888 3456 curiatis
903 3391 1034 3475 creavit,
1054 3412 1148 3476 isque

136 3477 176 3543 de
202 3477 340 3563 imperio
368 3499 427 3543 suo
455 3477 603 3563 exemplo
625 3476 779 3563 Pompilii
802 3479 959 3563 populum
984 3479 1148 3544 consuluit

136 3566 296 3633 curiatim.
341 3563 441 3632 Cuius
470 3567 630 3632 excellens
656 3568 692 3632 in
719 3587 754 3630 re
781 3566 918 3632 militari
945 3567 1052 3653 gloria
1082 3590 1147 3633 ma-
