2654 3912
421 206 489 276 ms.
509 221 555 276 vs.
575 223 651 276 ose.
674 229 750 276 με.
771 228 785 287 s
806 229 882 279 με.
1088 223 1153 287 367

144 368 252 433 minae
274 366 512 451 cogitationum
531 365 692 430 lubidines
710 365 838 431 infinita
857 368 1013 451 quaedam
1034 372 1155 454 cogunt

146 461 244 539 atque
267 455 439 540 imperant,
463 476 545 538 quae
565 454 641 538 quia
657 476 717 519 nec
735 456 858 540 expleri
876 477 935 521 nec
954 456 1068 520 satiari
1086 457 1154 521 ullo

145 544 242 609 modo
270 547 422 628 possunt,
450 542 491 607 ad
519 564 614 607 omne
641 541 767 607 facinus
790 544 953 629 inpellunt
976 565 1044 628 eos,
1073 566 1154 628 quos

145 633 318 698 inlecebris
342 632 409 696 suis
432 631 650 696 incenderunt.
686 632 784 714 (Nom.
807 637 883 698 424.
904 634 974 716 28)

119 741 133 781 s
215 720 367 786 ‘Feraria’
389 741 450 802 pro
475 721 639 802 ferocitate.
684 721 733 785 M.
763 721 886 786 Tullium
911 723 949 786 de
974 722 1156 804 republica

146 811 197 876 lib.
226 809 289 874 VI:
320 809 376 894 qui
398 808 580 874 contuderit
566 809 672 872 teins
695 809 762 874 vim
785 813 818 874 et
841 808 1040 875 ecfrenatam
1062 811 1155 874 illam

145 897 308 964 ferociam.
343 897 442 982 (Νεεε.
465 902 538 963 492.
561 897 606 981 1)
1174 949 1194 1013 2

213 987 351 1052 Cicero
338 1008 373 1051 εεε
396 987 473 1051 libro
494 991 576 1051 secto
594 988 630 1051 de
647 986 819 1069 republica
836 988 883 1051 ita
899 989 1039 1069 scripsit:
1063 985 1190 1076 Quod.2

148 1076 278 1160 quidem
300 1097 338 1140 eo
360 1074 425 1139 fuit
446 1074 550 1139 maius
556 1076 673 1158 ,quia,
696 1097 769 1140 cum
793 1097 890 1141 causa
912 1076 984 1160 pari
1008 1029 1190 1162 collegae²

109 1169 269 1246 suessent,
298 1185 364 1228 non
391 1163 487 1229 modo
515 1163 637 1228 invidia
659 1165 732 1248 pari
754 1185 820 1228 non
843 1168 949 1247 erant,
922 1165 1033 1229 tsed
1056 1166 1156 1229 etiam

148 1215 275 1319 Claudii
293 1252 448 1317 invidiam
463 1250 601 1317 Gracchi
621 1253 739 1316 caritas
754 1215 996 1338 deprecabatur.
1019 1253 1156 1338 (Gellius

153 1341 225 1408 VII
243 1347 364 1419 1611,
389 1342 513 1406 Nomius
529 1362 563 1423 p.
585 1345 659 1406 290.
682 1342 746 1425 15.)

214 1431 262 1494 M.
287 1430 410 1495 Tullius
435 1431 472 1494 ale
493 1450 527 1494 re
541 1430 627 1511 publ.
652 1430 702 1494 lib.
731 1428 794 1493 VI:
822 1426 884 1504 Qui
906 1428 1077 1512 †numero
1100 1453 1153 1515 op·

147 1522 311 1583 tumatum
329 1522 362 1582 et
380 1517 562 1602 principum
582 1518 703 1602 optulit
722 1519 750 1582 is
770 1519 905 1583 vocibus
930 1522 962 1582 et
982 1519 1155 1604 gravitatis

109 1627 134 1668 is
149 1629 226 1672 suae
248 1607 346 1691 liquit
367 1606 461 1670 illum
484 1606 613 1670 tristem
637 1611 670 1671 et
687 1607 820 1691 plenum
839 1606 1011 1692 dignitatis
1031 1628 1155 1673 sonum.

148 1695 288 1780 (Nouius
307 1717 337 1777 p.
360 1700 432 1760 469.
454 1696 522 1779 26.)

214 1784 262 1849 Μ.
288 1783 410 1848 Tullius
437 1785 473 1849 de
500 1804 533 1848 νε
548 1785 634 1866 publ.
658 1784 707 1849 lib.
736 1783 800 1848 VI:
832 1788 883 1866 ut,
907 1806 1003 1867 quem
1026 1784 1067 1848 ad
1090 1806 1155 1849 mo·

149 1872 226 1937 dum
253 1871 366 1937 scribit
391 1872 463 1955 ille,
492 1872 653 1937 cotidiano
681 1873 716 1936 in
743 1872 851 1936 forum
874 1872 965 1936 mille
987 1872 1156 1938 hominum

149 1984 222 2027 cum
251 1960 361 2132 palliip
391 1960 559 2043 conchylio
589 1961 701 2026 tinctis
734 1961 972 2026 descenderent.
1016 1961 1157 2044 (Nomius

111 2069 178 2134 cop.
200 2053 270 2115 501.
292 2050 344 2113 27.

214 2139 263 2203 M.
287 2137 409 2203 Tullius
434 2138 471 2203 de
495 2158 530 2202 re
553 2138 638 2220 publ.
668 2139 717 2203 lib.
746 2138 809 2203 VI:
837 2138 871 2202 in
893 2138 959 2221 his,
986 2141 1024 2203 ut
1047 2138 1156 2202 memi-

148 2228 258 2310 nistis,
285 2247 442 2292 concursu
469 2226 653 2291 levissimae
680 2226 906 2292 multitudinis
927 2230 961 2291 et
988 2248 1061 2292 aere
1084 2249 1156 2292 con·

150 2322 243 2404 gesto
267 2315 363 2380 funus
386 2315 535 2380 desubito
554 2319 640 2380 esset
658 2320 817 2380 omatum.
848 2315 948 2400 (Noa.
956 2336 990 2399 p.
1004 2321 1075 2381 517.
1089 2316 1157 2400 32.)

215 2405 263 2470 Μ.
284 2404 407 2469 Tullius
428 2405 465 2469 de
486 2425 520 2469 νε
535 2404 621 2486 pclbl.
645 2405 694 2469 lib.
719 2404 782 2468 VI:
805 2403 958 2469 Firmiter
981 2405 1066 2469 enim
1090 2427 1155 2469 ma·

111 2511 137 2553 m
150 2493 235 2559 iores
253 2492 358 2558 nostri
377 2492 525 2557 stabilita
543 2492 752 2557 matrimonia
770 2514 839 2558 esse
853 2494 1035 2557 volucrunt.
1058 2494 1156 2576 (Non.

143 2604 178 2665 p.
201 2585 271 2647 512.
294 2586 338 2646 24
361 2585 390 2645 et
411 2580 564 2647 Priscian.
588 2581 657 2645 XV
675 2587 704 2646 3.
728 2587 817 2663 rep.
843 2586 891 2646 70.
914 2586 954 2645 11
975 2580 1099 2663 Hertz.)
1185 2610 1189 2615 ·

216 2671 263 2734 Μ
284 2669 406 2735 Tullius
428 2671 464 2735 de
485 2691 518 2734 νε
529 2669 615 2751 matt.
634 2669 684 2735 lib.
704 2669 767 2734 VI:
791 2668 904 2735 Oratio
922 2667 1036 2753 Laelii,
1059 2691 1156 2753 quam

150 2779 262 2824 omnes
292 2756 449 2822 habemus
477 2757 512 2822 in
541 2758 703 2841 manibus,
737 2779 833 2842 quam
862 2758 1023 2842 simpuvia
1051 2758 1157 2842 ponti-

149 2847 247 2912 ficum
274 2846 323 2910 dis
350 2846 590 2911 immortalibus
619 2851 715 2931 grata
742 2847 809 2911 sint
832 2844 1036 2931 Samiaeque,
1064 2849 1157 2911 utrs
1130 2846 1137 2859 '

112 2952 137 2993 to
150 2935 271 3018 scribit,
295 2934 477 3036 capudines.
512 2934 702 3018 (Nmeiasp.
725 2941 796 3001 398.
819 2938 887 3009 26.)

216 2986 340 3088 Iuiitat'
316 3028 396 3088 tione
415 3023 493 3088 Pici
480 3025 560 3089 tonis
581 3023 685 3089 Cicero
707 3025 743 3089 de
764 3025 939 3106 republica
960 3024 1092 3090 scribens
1115 3025 1192 3130 lo
1175 3004 1195 3068 3

23 3146 28 3155 1
149 3133 219 3178 cum
245 3114 340 3177 etiam
364 3113 401 3177 ale
421 3112 499 3177 Eris
522 3111 681 3194 Pamphili
706 3109 996 3191 redimentium,
1027 3112 1095 3197 qui,
1121 3082 1192 3179 εε63

150 3203 205 3279 ait,
229 3222 310 3286 rogo
333 3199 506 3284 impositus
528 3201 700 3266 revixisset
722 3202 889 3286 multaque
912 3200 951 3266 do
973 3163 1086 3267 iirferis
1110 3223 1157 3267 se·

151 3293 240 3355 creta
256 3293 432 3374 narrasset,
454 3310 518 3354 uon
534 3290 685 3369 sabulosa,
706 3291 820 3369 atille,
838 3291 1061 3356 assimilatione
1078 3311 1157 3355 com-

112 3395 137 3436 m
150 3383 270 3444 mentm
291 3383 342 3458 est,
364 3379 416 3444 sed
436 3378 568 3444 sollertis
589 3380 705 3444 mmaii
723 3380 903 3445 ratimiabiti
924 3381 1060 3462 ᾳεεᾱεεεε
1077 3382 1157 3444 εἐεεα-

86 3527 88 3532 .
146 3469 305 3551 pisatione
326 3468 492 3549 composuit
512 3467 648 3532 uidelicet
664 3468 737 3533 scite
760 3469 939 3551 είρεεενῆεαεεε
962 3467 1050 3553 haec,
1074 3489 1157 3552 quae

150 3554 189 3621 de
208 3556 355 3657 ⁶animae
391 3555 639 3622 immortalitate
675 3554 855 3622 dicerentur
892 3559 1059 3642 caeloque,
1093 3577 1157 3622 εεονε
