2630 3904
365 222 432 279 ma.
451 223 473 280 1.
493 221 569 280 cir.
590 229 869 291 1a-1a.saa-se.
1000 280 1003 286 ,
1080 223 1121 287 17

107 370 231 450 autem,
250 367 307 452 qui
320 365 483 433 Zenonem
496 367 622 433 audivit
634 390 700 434 una
713 390 786 434 cum
800 390 848 453 eo,
867 390 962 453 quem
975 367 1122 453 proxime

106 455 290 540 nominavi,
316 459 388 520 tum
410 455 518 541 ipsum
540 456 697 523 mundum
719 456 815 523 deum
837 457 916 523 dicit
938 476 1024 541 esse,
1050 459 1122 522 tum

107 544 214 610 totins
236 547 375 610 naturae
398 544 500 609 menti
523 548 620 630 atque
644 545 752 611 animo
775 545 893 611 tribuit
913 544 977 611 hoc
992 565 1122 628 nomen,

107 636 181 698 tum
213 631 368 698 ultimum
399 635 433 697 et
462 632 659 699 altissimum
691 638 789 720 atque
819 633 961 719 undique
990 632 1122 699 circnm-

78 721 221 787 efusum
240 725 275 786 et
292 724 472 786 extremum
491 721 601 788 omnia
618 723 802 808 cingentem
817 726 916 808 atque
929 722 1122 807 conplexum

107 810 275 893 ardorem,
311 808 368 895 qui
398 810 512 875 aether
540 811 739 897 nominetur,
776 810 995 877 certissimum
1026 808 1121 875 deum

108 898 247 983 iudicat3
282 898 432 983 idemque
463 898 557 983 quasi
588 899 730 966 delirans
760 901 795 966 iu
826 900 867 966 iia
894 899 1003 984 libris,
1040 910 1129 984 quos

111 987 245 1073 scripsit
267 990 382 1053 contra
404 986 622 1073 voluptatem,
648 993 721 1055 tum
741 989 838 1074 fingit
859 988 999 1054 formam
1023 1008 1122 1072 quan

111 1075 187 1140 dam
201 1079 236 1140 et
249 1075 389 1161 speciem
403 1075 545 1160 deorum,
558 1081 629 1143 tum
643 1076 848 1143 divinitatem
862 1098 991 1142 omnem
1004 1076 1122 1141 tribuit

70 1182 98 1223 ιο
111 1165 222 1249 astris,
243 1168 315 1229 tum
336 1164 420 1228 nihil
442 1165 568 1230 ratione
590 1170 700 1231 censet
719 1187 789 1231 esse
808 1165 957 1231 diunius.
998 1162 1053 1230 Ita
1073 1164 1121 1247 fit,

109 1257 149 1318 ut
178 1252 257 1318 deus
287 1252 358 1336 ille,
387 1274 484 1338 quem
513 1258 621 1319 mente
649 1255 813 1321 noscimus
842 1257 942 1338 atque
962 1253 998 1319 in
1020 1252 1122 1319 animi

106 1342 245 1408 notione
269 1345 439 1426 tamquam
459 1341 496 1407 in
516 1342 656 1429 vestigio
678 1344 830 1410 volumus
852 1363 1021 1427 reponere,
1046 1363 1177 1455 nus-,5

109 1452 211 1516 quam
224 1451 360 1515 prorsus
379 1434 545 1516 appareat
576 1432 624 1497 At
636 1431 804 1516 Persaeus,
824 1431 968 1496 eiusdem
982 1429 1121 1495 Zenonis
1139 1469 1173 1518 33

111 1520 254 1603 auditor,
281 1540 337 1584 eos
363 1520 439 1585 dicit
459 1541 529 1584 esse
550 1519 681 1586 habitos
704 1520 796 1604 deos,
818 1542 838 1585 a
860 1519 977 1604 quibus
1000 1537 1122 1603 magna

69 1609 238 1673 motilitas
271 1607 311 1672 ad
337 1608 426 1673 vitae
452 1608 574 1674 cultum
601 1613 687 1674 esset
712 1609 858 1693 inventa,
889 1608 1042 1693 ipsasque
1069 1626 1121 1671 res

109 1697 209 1762 utiles
233 1700 267 1762 et
288 1697 447 1762 salutares
470 1695 602 1762 deorum
626 1718 696 1762 esse
718 1697 886 1762 vocabulis
907 1697 1122 1779 nuncupatas,

110 1789 151 1851 ut
177 1806 220 1850 ne
246 1784 310 1851 hoc
338 1784 468 1870 quidem
491 1785 623 1870 diceret,
649 1786 708 1851 illa
729 1788 864 1851 inventa
886 1805 955 1850 esse
978 1784 1121 1866 deorum,

111 1873 170 1939 sed
196 1876 268 1958 ipsa
297 1871 414 1938 divina.
459 1872 529 1950 Quo
558 1873 635 1960 quid
658 1874 842 1959 absurdius,
869 1895 966 1959 qnam
990 1876 1121 1938 autres

111 1962 260 2029 sordidas
289 1966 387 2047 atque
416 1961 569 2029 deformis
596 1962 729 2028 deorum
755 1963 878 2029 honore
906 1962 1041 2028 adficere
1064 1965 1122 2026 aut

66 2051 261 2117 ”homines
283 2050 350 2116 iam
373 2054 478 2116 morte
500 2050 624 2117 deletos
648 2073 802 2137 reponere
820 2054 856 2116 in
872 2051 959 2134 deos,
983 2071 1121 2136 quorum

111 2140 219 2207 omnis
241 2139 347 2205 cultus
370 2139 605 2223 essetlfuturus
627 2141 662 2205 in
684 2140 794 2206 luctu?
834 2139 906 2205 Iam
924 2160 1001 2204 vero
1020 2135 1121 2222 (thry-
1139 2150 1176 2201 aa

110 2229 237 2313 sippua,
260 2229 315 2314 qui
334 2226 518 2293 Stoicorum
540 2230 740 2296 somniorum
762 2227 965 2294 vaferrumus
982 2227 1122 2292 habetur

109 2318 288 2402 interpres,
313 2336 467 2402 magnam
488 2316 619 2382 herbam
642 2321 818 2403 congregat
838 2317 1024 2402 ignotorum
1047 2315 1121 2382 deo·

110 2427 200 2489 rum,
227 2408 324 2489 atque
345 2405 394 2470 ita
415 2405 615 2490 ignotorum,
644 2410 682 2470 ut
703 2426 759 2471 eoa
780 2427 822 2471 ne
844 2406 1030 2472 coniectura
1052 2405 1121 2490 qui·

67 2511 96 2552 2⁶
111 2493 189 2560 dam
220 2493 395 2558 informare
424 2494 602 2578 possimus,
633 2516 706 2559 cum
733 2514 825 2561 mena
851 2497 965 2559 nostm
992 2492 1121 2578 quidvis

113 2581 261 2647 videatur
290 2581 487 2666 cogitatione
518 2603 613 2667 posse
645 2582 834 2685 depinger03
865 2583 913 2647 ait
941 2583 1027 2646 enim
1053 2582 1121 2646 vim

114 2671 258 2737 divinam
273 2671 310 2735 in
322 2670 450 2735 ratione
464 2691 535 2735 ease
547 2671 689 2756 positam
702 2675 737 2736 et
748 2691 783 2736 m
800 2670 970 2735 universae
983 2672 1122 2734 naturae

113 2759 225 2824 animo
257 2761 354 2843 atque
384 2761 506 2842 mente,
536 2758 707 2844 ipsumque
737 2759 893 2824 mundum
920 2758 1015 2823 deum
1042 2758 1124 2824 dicit

113 2869 185 2913 esse
222 2851 256 2912 et
291 2848 361 2912 eiua
393 2846 492 2912 animi
522 2847 685 2913 fusionem
715 2849 914 2931 universam,
949 2850 1020 2912 tum
1052 2847 1121 2912 eius

67 2953 97 2995 ω
110 2936 217 3022 ipsius
240 2936 474 3020 principatum,
499 2936 554 3021 qui
576 2935 611 3001 in
633 2939 742 3002 mente
764 2940 799 3001 et
819 2935 945 3002 ratione
967 2940 1122 3021 versetur,

111 3045 383 3109 communemque
400 3044 509 3090 rerum
521 3027 673 3091 naturam
686 3025 996 3110 universitatemque
1012 3025 1122 3090 omnia

110 3114 346 3196 continentem,
368 3117 439 3178 tum
461 3112 596 3179 fatalem
618 3115 686 3181 vim
709 3116 743 3179 et
762 3114 991 3179 necessitatem
1014 3135 1121 3179 rerum

109 3201 310 3286 futurarum,
336 3203 446 3287 ignem
468 3206 637 3287 praeterea
660 3206 803 3284 etcum,
829 3223 925 3287 quem
948 3206 1024 3267 ante
1046 3202 1122 3286 dixi,

111 3291 261 3374 aethera,
286 3294 358 3355 tum
386 3312 438 3374 ea,
469 3311 551 3375 quae
576 3295 695 3356 natura
723 3290 862 3356 fluerent
887 3294 985 3375 atque
1012 3311 1122 3356 mana·

68 3395 97 3438 ⁸⁶
110 3383 198 3464 rent,
225 3383 264 3445 ut
286 3383 320 3444 et
342 3400 463 3464 aquam
485 3383 520 3444 et
541 3381 664 3445 terram
685 3383 720 3444 et
742 3384 830 3464 abra,
858 3379 974 3464 solem,
1000 3378 1124 3462 lunam,

111 3468 220 3535 sidera
240 3469 552 3553 universitatemque
574 3489 690 3551 rerum,
712 3488 778 3552 qua
795 3468 905 3534 omnia
922 3467 1123 3533 contineren-

110 3560 178 3643 tur,
216 3559 314 3643 atque
346 3557 445 3622 etiam
476 3556 625 3622 homines
657 3577 727 3640 eos,
762 3556 819 3640 qui
849 3554 1122 3620 inmortalitatem

165 3669 277 3713 cro.1v.
291 3671 312 3712 a
891 3662 908 3712 a
