2654 3912
403 219 470 274 ΜΒ.
490 219 537 274 111.
557 218 633 274 cAP.
653 225 730 274 a-a.
749 224 764 284 a
784 225 895 273 rs-ar.
1083 218 1149 282 439

141 363 256 449 pitudo
285 365 395 427 manet
418 362 631 427 diuturnitate
654 362 793 428 sublata
838 359 901 427 Sed
923 362 1003 447 iam,
1030 362 1059 426 si
1081 361 1149 446 pla·

142 455 207 535 cet,
239 451 278 515 de
309 450 485 536 provinciis
519 450 691 516 decedatur
721 451 756 515 in
782 450 960 535 urbemque
990 450 1149 516 redeatur.

142 541 219 605 Ars.
245 537 351 604 Nobis
383 560 460 604 vcro
493 539 614 623 placet,
646 539 702 604 sed
733 539 788 623 iis,
820 539 876 623 qui
906 539 941 603 in
974 537 1148 625 provinciis

143 631 232 711 sunt,
258 627 390 691 minime
412 627 528 712 placet.
573 628 621 693 M.
645 629 690 692 At
712 649 803 711 vero,
830 626 916 710 Tite,
940 626 970 692 si
990 627 1150 713 parebunt
1170 639 1204 690 19
1318 680 1319 733 ,

116 716 194 781 shis
222 715 364 802 legibus,
390 715 472 780 nihil
501 715 563 780 erit
589 716 629 780 iis
655 716 749 800 urbe,
775 715 858 780 nihil
882 716 977 782 domo
1001 737 1060 783 sua
1083 715 1151 781 dul·

143 805 212 870 cius
234 826 294 869 neo
316 803 512 869 laboriosius
535 804 768 887 molestiusque
790 804 966 889 provincia.

210 890 272 957 Sed
296 892 442 976 sequitur
464 892 525 977 lex,
547 914 630 977 quae
649 892 753 959 sancit
772 914 844 957 eam
861 893 1067 958 tribunorum
1085 893 1151 978 ple·

143 980 194 1047 bis
218 983 425 1065 potestatem,
449 1002 531 1064 quas
553 987 598 1047 est
618 981 653 1046 in
675 1002 710 1046 re
730 981 861 1066 publica
878 985 1006 1064 nostra3
1029 980 1068 1047 de
1088 1002 1152 1065 qua

144 1069 259 1134 disseri
285 1068 369 1134 nihil
396 1086 532 1134 necesse
550 1073 609 1134 est.
655 1069 689 1150 Q.
712 1068 759 1133 At
781 1070 963 1135 mehercule
986 1091 1060 1156 ego,
1088 1070 1150 1133 fra·

104 1176 131 1216 ro
144 1162 203 1240 ter,
228 1179 356 1242 quaero,
380 1157 419 1222 de
441 1158 506 1223 ista
524 1161 688 1243 potestate
707 1157 784 1242 quid
803 1158 933 1223 sentias.
965 1158 1050 1223 Nam
1070 1157 1151 1223 mihi

147 1246 275 1330 quidem
298 1245 454 1331 pestifera
476 1246 612 1329 videtur,
636 1246 754 1332 quippe
778 1268 860 1331 quae
882 1247 917 1311 in
940 1246 1096 1312 seditione
1119 1250 1153 1311 et

145 1335 186 1399 ad
213 1334 406 1400 seditionem
432 1339 512 1399 nata
539 1335 596 1419 sit3
627 1335 717 1400 ouius
745 1335 886 1419 primum
914 1339 1023 1401 ortum
1051 1334 1079 1399 si
1105 1357 1152 1400 re·

145 1422 269 1489 cordari
300 1423 464 1505 volumus,
493 1423 579 1487 inter
606 1445 698 1488 arma
725 1423 843 1488 civium
871 1427 905 1489 et
931 1423 1096 1508 occupatis
1120 1426 1153 1489 et

145 1511 287 1577 obsessis
306 1511 395 1575 urbis
415 1511 496 1576 locis
509 1516 716 1597 procreatum
729 1511 884 1577 videmus.
915 1510 1040 1577 Deinde
1054 1534 1153 1596 quom

106 1617 132 1658 rc
145 1604 232 1665 esset
254 1599 319 1664 cito
342 1603 475 1665 necatus
497 1603 665 1685 tamquam
689 1622 728 1664 ex
746 1618 796 1664 ΧΠ
814 1600 937 1665 tabulis
955 1600 1093 1686 insignis
1112 1601 1151 1665 ad

145 1688 385 1752 deformitatem
414 1710 508 1773 puer,
537 1689 628 1753 brevi
658 1691 804 1773 ternpore
833 1689 941 1754 nescio
969 1711 1033 1774 quo
1056 1692 1153 1774 pacto

145 1780 308 1841 recreatus
341 1776 510 1862 multoque
542 1776 678 1841 taetrior
710 1780 743 1841 et
773 1775 898 1842 foedior
930 1781 1062 1842 renatus
1095 1781 1153 1847 est.

146 1863 230 1939 Quid
253 1864 339 1929 enim
362 1864 418 1929 ille
440 1887 507 1930 non
529 1865 650 1930 edidit?
675 1865 730 1950 qui
752 1864 902 1950 primum,
924 1869 961 1930 ut
984 1865 1085 1951 impio
1110 1865 1154 1930 di·
1172 1872 1192 1936 9

147 1974 245 2038 gnum
273 1951 357 2036 fuit,
378 1953 527 2037 patribus
555 1975 683 2018 omnem
706 1953 862 2019 honorem
886 1953 1018 2039 cripuit,
1045 1954 1154 2019 omnia

106 2059 132 2099 ao
146 2041 259 2105 infima
286 2041 420 2105 summis
448 2041 540 2126 paria
566 2041 657 2125 fecit,
688 2041 848 2126 turbavit,
880 2042 1024 2126 miscuit3
1055 2064 1154 2127 quom

146 2128 325 2194 adflixisset
342 2129 523 2214 principum
543 2130 748 2216 gravitatem,
765 2152 943 2215 numquam
957 2134 1068 2195 tamen
1081 2152 1153 2196 con·

146 2217 277 2303 quievit.
322 2215 472 2303 Namque
504 2221 541 2283 ut
568 2216 602 2284 C.
629 2217 826 2283 Flaminium
859 2223 957 2304 atque
989 2241 1039 2303 ea,
1072 2240 1154 2303 quae
1171 2205 1229 2282 no⁴

146 2307 211 2372 iam
241 2306 349 2391 prisca
380 2306 530 2372 videntur
561 2310 695 2393 propter
721 2310 932 2391 vetustatem,
963 2307 1154 2391 relinquam,

149 2396 225 2480 quid
248 2395 328 2459 iuris
351 2394 447 2461 bonis
470 2395 549 2460 viris
568 2395 616 2459 Ti.
635 2395 773 2461 Gracchi
795 2396 981 2462 tribunatus
999 2396 1153 2479 reliquit?

107 2500 134 2541 ’ὁ
148 2484 210 2548 etsi
243 2483 461 2567 quinquennio
495 2487 569 2548 ante
601 2483 640 2548 D.
673 2482 811 2548 Brutum
844 2487 877 2549 et
907 2483 943 2549 P.
971 2481 1154 2568 Scipionem

147 2571 295 2635 consules
324 2570 419 2654 (quos
447 2573 480 2635 et
508 2574 647 2654 quantos
674 2571 792 2656 virosi)
818 2571 917 2638 bomo
941 2572 1086 2639 omnium
1108 2572 1154 2637 in·

145 2658 242 2722 fimus
269 2661 302 2722 et
330 2658 584 2742 sordidissimus,
610 2658 761 2724 tribunus
789 2660 894 2744 plebis
922 2658 958 2726 O.
981 2658 1155 2746 Curiatius,

146 2746 181 2811 in
199 2746 329 2811 vincula
347 2746 492 2830 coniecit,
511 2747 596 2831 quod
611 2747 822 2813 antefactum
836 2770 903 2814 non
917 2753 997 2814 erat.
1028 2747 1063 2815 O.
1077 2771 1155 2815 vero

148 2833 286 2899 Gracchi
308 2834 409 2899 ruinis
433 2838 466 2898 et
488 2834 529 2899 iis
553 2835 640 2919 sicis,
671 2857 751 2920 quas
773 2837 844 2921 ipse
866 2859 901 2902 se
923 2837 1098 2922 proiecisse
1120 2837 1155 2902 in

107 2940 133 2981 ro
147 2923 254 2988 forum
273 2922 364 3007 dixit,
383 2923 500 3007 quibus
519 2923 776 3010 digladiarentur
789 2925 874 2989 inter
888 2947 922 2990 se
937 2925 1032 3009 cives,
1047 2947 1154 2991 nonne

148 3033 276 3078 omnem
308 3010 356 3076 rei
384 3012 533 3097 publicae
561 3016 684 3077 statum
712 3013 932 3098 permutavit?
977 3011 1062 3089 Quid
1088 3014 1155 3079 iam

148 3100 186 3165 de
213 3097 402 3183 Saturnino,
430 3097 587 3186 Sulpicio,
614 3101 749 3186 reliquis
777 3101 904 3168 dicam?
932 3123 1013 3187 quos
1039 3123 1081 3167 ne
1104 3102 1155 3167 de

147 3188 268 3273 pellere
301 3187 429 3272 quidem
462 3211 482 3254 a
514 3210 548 3253 se
580 3188 648 3254 sine
679 3190 766 3255 ferro
797 3190 907 3275 potuit
934 3212 987 3256 res
1014 3190 1154 3276 publica.

148 3275 212 3342 Cur
249 3279 358 3342 autem
390 3280 447 3342 aut
477 3281 589 3342 vetera
621 3281 679 3342 aut
711 3278 817 3344 aliena
847 3278 1012 3364 proferam
1043 3279 1154 3364 potius
1174 3290 1206 3339 21

108 3382 133 3422 ῦὸ
148 3388 245 3450 quam
264 3368 297 3430 et
315 3368 429 3430 nostra
447 3369 481 3430 et
499 3365 663 3432 recentia?
690 3365 769 3441 Quis
788 3388 942 3451 umquam
956 3370 1026 3432 tam
1041 3367 1155 3451 audax,

146 3457 215 3518 tam
243 3453 339 3519 nobis
365 3453 515 3519 inimicus
537 3453 667 3538 fuisset,
693 3459 731 3519 ut
754 3455 915 3542 cogitaret
936 3477 1091 3540 umquam
1115 3455 1153 3520 de

147 3545 237 3607 statu
259 3547 372 3607 nostro
391 3541 628 3621 labefactando,
650 3543 715 3607 nisi
733 3565 917 3609 mucronem
937 3543 1078 3627 aliquem
1098 3543 1155 3608 tri·
