<?xml version="1.0" encoding="UTF-8"?>
<!DOCTYPE html PUBLIC "-//W3C//DTD XHTML 1.0 Transitional//EN"
    "http://www.w3.org/TR/xhtml1/DTD/xhtml1-transitional.dtd">
<html xmlns="http://www.w3.org/1999/xhtml" xml:lang="en" lang="en">
 <head>
  <title>
</title>
<meta http-equiv="Content-Type" content="text/html;charset=utf-8" />
  <meta name='ocr-system' content='tesseract 3.04.00' />
  <meta name='ocr-capabilities' content='ocr_page ocr_carea ocr_par ocr_line ocrx_word'/>
</head>
<body>
  <div class='ocr_page' id='page_1' title='image "./mtulliiciceroni00salegoog_0433.png"; bbox 0 0 2654 3912; ppageno 0'>
   <div class='ocr_carea' id='block_1_1' title="bbox 592 173 815 230">
    <p class='ocr_par' dir='ltr' id='par_1_1' title="bbox 592 173 815 230">
     <span class='ocr_line' id='line_1_1' title="bbox 592 173 815 230; baseline 0.013 -3"><span class='ocrx_word' id='word_1_1' title='bbox 592 173 640 227; x_wconf 83' lang='lat' dir='ltr'>DE</span> <span class='ocrx_word' id='word_1_2' title='bbox 659 174 815 230; x_wconf 81' lang='lat' dir='ltr'><strong>LEGIBUS</strong></span> 
     </span>
    </p>
   </div>
   <div class='ocr_carea' id='block_1_2' title="bbox 389 442 1022 593">
    <p class='ocr_par' dir='ltr' id='par_1_2' title="bbox 389 442 1022 593">
     <span class='ocr_line' id='line_1_2' title="bbox 389 442 1022 593; baseline -0.003 -51"><span class='ocrx_word' id='word_1_3' title='bbox 389 444 506 542; x_wconf 80' lang='lat' dir='ltr'>uu</span> <span class='ocrx_word' id='word_1_4' title='bbox 579 442 1022 593; x_wconf 73' lang='lat' dir='ltr'>nucleus</span> 
     </span>
    </p>
   </div>
   <div class='ocr_carea' id='block_1_3' title="bbox 550 623 853 684">
    <p class='ocr_par' dir='ltr' id='par_1_3' title="bbox 550 623 853 684">
     <span class='ocr_line' id='line_1_3' title="bbox 550 623 853 684; baseline 0 -3"><span class='ocrx_word' id='word_1_5' title='bbox 550 624 672 682; x_wconf 78' lang='lat' dir='ltr'>LIBER</span> <span class='ocrx_word' id='word_1_6' title='bbox 694 623 853 684; x_wconf 85' lang='lat' dir='ltr'><strong>PRIMUS.</strong></span> 
     </span>
    </p>
   </div>
   <div class='ocr_carea' id='block_1_4' title="bbox 496 904 911 967">
    <p class='ocr_par' dir='ltr' id='par_1_4' title="bbox 496 904 911 967">
     <span class='ocr_line' id='line_1_4' title="bbox 496 904 911 967; baseline 0 -1"><span class='ocrx_word' id='word_1_7' title='bbox 496 904 911 967; x_wconf 79' lang='lat' dir='ltr'>ARGUMENTUM.</span> 
     </span>
    </p>
   </div>
   <div class='ocr_carea' id='block_1_5' title="bbox 198 1037 1316 1180">
    <p class='ocr_par' dir='ltr' id='par_1_5' title="bbox 198 1037 1316 1180">
     <span class='ocr_line' id='line_1_5' title="bbox 253 1037 1316 1110; baseline -0.002 -15"><span class='ocrx_word' id='word_1_8' title='bbox 253 1037 351 1095; x_wconf 80' lang='lat' dir='ltr'>Cicero</span> <span class='ocrx_word' id='word_1_9' title='bbox 368 1039 519 1109; x_wconf 83' lang='lat' dir='ltr'>postquam</span> <span class='ocrx_word' id='word_1_10' title='bbox 537 1054 587 1094; x_wconf 86' lang='lat' dir='ltr'>sex</span> <span class='ocrx_word' id='word_1_11' title='bbox 605 1037 685 1095; x_wconf 86' lang='lat' dir='ltr'>libris</span> <span class='ocrx_word' id='word_1_12' title='bbox 703 1038 739 1094; x_wconf 89' lang='lat' dir='ltr'>de</span> <span class='ocrx_word' id='word_1_13' title='bbox 757 1054 787 1093; x_wconf 86' lang='lat' dir='ltr'>re</span> <span class='ocrx_word' id='word_1_14' title='bbox 805 1037 920 1110; x_wconf 88' lang='lat' dir='ltr'>publica</span> <span class='ocrx_word' id='word_1_15' title='bbox 934 1037 1055 1109; x_wconf 83' lang='lat' dir='ltr'>scriptis,</span> <span class='ocrx_word' id='word_1_16' title='bbox 1074 1053 1163 1108; x_wconf 89' lang='lat' dir='ltr'>quem</span> <span class='ocrx_word' id='word_1_17' title='bbox 1180 1040 1234 1100; x_wconf 65' lang='lat' dir='ltr'>ad,</span> <span class='ocrx_word' id='word_1_18' title='bbox 1315 1052 1316 1059; x_wconf 55' lang='lat'>¹</span> 
     </span>
     <span class='ocr_line' id='line_1_6' title="bbox 198 1107 1316 1180; baseline -0.004 -14"><span class='ocrx_word' id='word_1_19' title='bbox 198 1110 313 1166; x_wconf 87' lang='lat' dir='ltr'>modum</span> <span class='ocrx_word' id='word_1_20' title='bbox 337 1108 392 1165; x_wconf 85' lang='lat' dir='ltr'>sibi</span> <span class='ocrx_word' id='word_1_21' title='bbox 414 1125 459 1164; x_wconf 84' lang='lat' dir='ltr'>res</span> <span class='ocrx_word' id='word_1_22' title='bbox 481 1108 597 1180; x_wconf 87' lang='lat' dir='ltr'>publica</span> <span class='ocrx_word' id='word_1_23' title='bbox 615 1108 812 1164; x_wconf 84' lang='lat' dir='ltr'>constituenda</span> <span class='ocrx_word' id='word_1_24' title='bbox 829 1124 863 1163; x_wconf 89' lang='lat' dir='ltr'>ac</span> <span class='ocrx_word' id='word_1_25' title='bbox 880 1109 1004 1179; x_wconf 78' lang='lat' dir='ltr'>regende</span> <span class='ocrx_word' id='word_1_26' title='bbox 1022 1125 1082 1164; x_wconf 89' lang='lat' dir='ltr'>esse</span> <span class='ocrx_word' id='word_1_27' title='bbox 1101 1107 1221 1164; x_wconf 85' lang='lat' dir='ltr'>videre·</span> <span class='ocrx_word' id='word_1_28' title='bbox 1315 1130 1316 1161; x_wconf 75' lang='grc' dir='ltr'><strong>ς</strong></span> 
     </span>
    </p>
   </div>
   <div class='ocr_carea' id='block_1_6' title="bbox 198 1179 1290 3442">
    <p class='ocr_par' dir='ltr' id='par_1_6' title="bbox 198 1179 1290 3442">
     <span class='ocr_line' id='line_1_7' title="bbox 198 1179 1220 1251; baseline -0.003 -15"><span class='ocrx_word' id='word_1_29' title='bbox 198 1183 253 1248; x_wconf 86' lang='lat' dir='ltr'>tur,</span> <span class='ocrx_word' id='word_1_30' title='bbox 272 1179 426 1251; x_wconf 77' lang='lat' dir='ltr'>explicavit</span> <span class='ocrx_word' id='word_1_31' title='bbox 442 1179 569 1235; x_wconf 77' lang='lat' dir='ltr'>Platonis</span> <span class='ocrx_word' id='word_1_32' title='bbox 587 1180 707 1234; x_wconf 85' lang='lat' dir='ltr'>maxime</span> <span class='ocrx_word' id='word_1_33' title='bbox 725 1179 884 1250; x_wconf 88' lang='lat' dir='ltr'>exemplum</span> <span class='ocrx_word' id='word_1_34' title='bbox 902 1181 1023 1246; x_wconf 85' lang='lat' dir='ltr'>secutus,</span> <span class='ocrx_word' id='word_1_35' title='bbox 1042 1181 1097 1234; x_wconf 91' lang='lat' dir='ltr'>hoc</span> <span class='ocrx_word' id='word_1_36' title='bbox 1110 1180 1220 1236; x_wconf 86' lang='lat' dir='ltr'>eodem</span> 
     </span>
     <span class='ocr_line' id='line_1_8' title="bbox 200 1250 1219 1321; baseline -0.002 -15"><span class='ocrx_word' id='word_1_37' title='bbox 200 1252 315 1306; x_wconf 87' lang='lat' dir='ltr'>auctore</span> <span class='ocrx_word' id='word_1_38' title='bbox 331 1250 452 1305; x_wconf 88' lang='lat' dir='ltr'>totidem</span> <span class='ocrx_word' id='word_1_39' title='bbox 469 1250 550 1305; x_wconf 88' lang='lat' dir='ltr'>libris</span> <span class='ocrx_word' id='word_1_40' title='bbox 568 1251 655 1306; x_wconf 85' lang='lat' dir='ltr'>etism</span> <span class='ocrx_word' id='word_1_41' title='bbox 673 1250 708 1305; x_wconf 92' lang='lat' dir='ltr'>de</span> <span class='ocrx_word' id='word_1_42' title='bbox 726 1250 852 1321; x_wconf 78' lang='lat' dir='ltr'>legibus,</span> <span class='ocrx_word' id='word_1_43' title='bbox 870 1266 942 1320; x_wconf 89' lang='lat' dir='ltr'>quae</span> <span class='ocrx_word' id='word_1_44' title='bbox 960 1250 991 1304; x_wconf 87' lang='lat' dir='ltr'>in</span> <span class='ocrx_word' id='word_1_45' title='bbox 1009 1250 1126 1305; x_wconf 82' lang='lat' dir='ltr'>civitate</span> <span class='ocrx_word' id='word_1_46' title='bbox 1145 1266 1164 1304; x_wconf 85' lang='lat' dir='ltr'>a</span> <span class='ocrx_word' id='word_1_47' title='bbox 1186 1267 1219 1305; x_wconf 83' lang='lat' dir='ltr'>se</span> 
     </span>
     <span class='ocr_line' id='line_1_9' title="bbox 200 1320 1218 1391; baseline -0.001 -14"><span class='ocrx_word' id='word_1_48' title='bbox 200 1321 356 1377; x_wconf 85' lang='lat' dir='ltr'>constituta</span> <span class='ocrx_word' id='word_1_49' title='bbox 373 1320 542 1377; x_wconf 86' lang='lat' dir='ltr'>obtinendae</span> <span class='ocrx_word' id='word_1_50' title='bbox 560 1324 662 1389; x_wconf 79' lang='lat' dir='ltr'><strong>essent,</strong></span> <span class='ocrx_word' id='word_1_51' title='bbox 681 1338 753 1390; x_wconf 87' lang='lat' dir='ltr'>quae</span> <span class='ocrx_word' id='word_1_52' title='bbox 772 1338 823 1376; x_wconf 89' lang='lat' dir='ltr'>sua</span> <span class='ocrx_word' id='word_1_53' title='bbox 841 1323 916 1377; x_wconf 83' lang='lat' dir='ltr'>esset</span> <span class='ocrx_word' id='word_1_54' title='bbox 934 1321 1082 1389; x_wconf 85' lang='lat' dir='ltr'>sententia,</span> <span class='ocrx_word' id='word_1_55' title='bbox 1100 1321 1218 1391; x_wconf 87' lang='lat' dir='ltr'>aperire</span> 
     </span>
     <span class='ocr_line' id='line_1_10' title="bbox 199 1391 1213 1462; baseline -0.002 -14"><span class='ocrx_word' id='word_1_56' title='bbox 199 1392 298 1448; x_wconf 84' lang='lat' dir='ltr'>voluit.</span> <span class='ocrx_word' id='word_1_57' title='bbox 336 1391 417 1458; x_wconf 80' lang='lat' dir='ltr'>Quod</span> <span class='ocrx_word' id='word_1_58' title='bbox 433 1394 630 1462; x_wconf 67' lang='lat' dir='ltr'>argumentum</span> <span class='ocrx_word' id='word_1_59' title='bbox 646 1392 689 1446; x_wconf 88' lang='lat' dir='ltr'>ita</span> <span class='ocrx_word' id='word_1_60' title='bbox 705 1394 869 1462; x_wconf 85' lang='lat' dir='ltr'>persecutus</span> <span class='ocrx_word' id='word_1_61' title='bbox 888 1394 940 1458; x_wconf 73' lang='lat' dir='ltr'>est</span> <span class='ocrx_word' id='word_1_62' title='bbox 958 1392 1038 1447; x_wconf 89' lang='lat' dir='ltr'>utin</span> <span class='ocrx_word' id='word_1_63' title='bbox 1056 1392 1213 1461; x_wconf 88' lang='lat' dir='ltr'>colloquio,</span> 
     </span>
     <span class='ocr_line' id='line_1_11' title="bbox 199 1461 1216 1534; baseline 0 -16"><span class='ocrx_word' id='word_1_64' title='bbox 199 1463 275 1534; x_wconf 88' lang='lat' dir='ltr'>quod</span> <span class='ocrx_word' id='word_1_65' title='bbox 301 1463 384 1534; x_wconf 81' lang='lat' dir='ltr'>fingit</span> <span class='ocrx_word' id='word_1_66' title='bbox 411 1479 441 1518; x_wconf 88' lang='lat' dir='ltr'>se</span> <span class='ocrx_word' id='word_1_67' title='bbox 469 1480 533 1517; x_wconf 91' lang='lat' dir='ltr'>cum</span> <span class='ocrx_word' id='word_1_68' title='bbox 560 1462 663 1529; x_wconf 81' lang='lat' dir='ltr'>Quinto</span> <span class='ocrx_word' id='word_1_69' title='bbox 691 1462 776 1518; x_wconf 66' lang='lat' dir='ltr'>frate</span> <span class='ocrx_word' id='word_1_70' title='bbox 804 1465 834 1518; x_wconf 89' lang='lat' dir='ltr'>et</span> <span class='ocrx_word' id='word_1_71' title='bbox 859 1461 956 1519; x_wconf 84' lang='lat' dir='ltr'>Attico</span> <span class='ocrx_word' id='word_1_72' title='bbox 984 1479 1034 1518; x_wconf 87' lang='lat' dir='ltr'>suo</span> <span class='ocrx_word' id='word_1_73' title='bbox 1057 1479 1081 1517; x_wconf 90' lang='lat' dir='ltr'>a.</span> <span class='ocrx_word' id='word_1_74' title='bbox 1104 1480 1132 1516; x_wconf 80' lang='lat' dir='ltr'>u</span> <span class='ocrx_word' id='word_1_75' title='bbox 1157 1469 1216 1518; x_wconf 76' lang='lat'>702</span> 
     </span>
     <span class='ocr_line' id='line_1_12' title="bbox 199 1533 1214 1604; baseline -0.002 -15"><span class='ocrx_word' id='word_1_76' title='bbox 199 1535 250 1589; x_wconf 85' lang='lat' dir='ltr'>aut</span> <span class='ocrx_word' id='word_1_77' title='bbox 267 1541 319 1589; x_wconf 77' lang='lat'>703</span> <span class='ocrx_word' id='word_1_78' title='bbox 337 1534 451 1589; x_wconf 88' lang='lat' dir='ltr'>ineunte</span> <span class='ocrx_word' id='word_1_79' title='bbox 469 1533 609 1601; x_wconf 85' lang='lat' dir='ltr'>habuisse,</span> <span class='ocrx_word' id='word_1_80' title='bbox 629 1551 693 1590; x_wconf 91' lang='lat' dir='ltr'>eum</span> <span class='ocrx_word' id='word_1_81' title='bbox 710 1534 803 1589; x_wconf 89' lang='lat' dir='ltr'>locum</span> <span class='ocrx_word' id='word_1_82' title='bbox 820 1534 1015 1604; x_wconf 84' lang='lat' dir='ltr'>pertractaret</span> <span class='ocrx_word' id='word_1_83' title='bbox 1049 1533 1153 1587; x_wconf 85' lang='lat' dir='ltr'>Eorum</span> <span class='ocrx_word' id='word_1_84' title='bbox 1169 1535 1214 1588; x_wconf 89' lang='lat' dir='ltr'>ta·</span> 
     </span>
     <span class='ocr_line' id='line_1_13' title="bbox 198 1603 1290 1677; baseline -0.002 -17"><span class='ocrx_word' id='word_1_85' title='bbox 198 1621 264 1660; x_wconf 90' lang='lat' dir='ltr'>men</span> <span class='ocrx_word' id='word_1_86' title='bbox 286 1604 422 1660; x_wconf 88' lang='lat' dir='ltr'>librorum</span> <span class='ocrx_word' id='word_1_87' title='bbox 442 1620 500 1660; x_wconf 87' lang='lat' dir='ltr'>non</span> <span class='ocrx_word' id='word_1_88' title='bbox 522 1606 685 1659; x_wconf 88' lang='lat' dir='ltr'>manserunt</span> <span class='ocrx_word' id='word_1_89' title='bbox 706 1604 762 1659; x_wconf 86' lang='lat' dir='ltr'>nisi</span> <span class='ocrx_word' id='word_1_90' title='bbox 784 1607 854 1675; x_wconf 82' lang='lat' dir='ltr'>tres,</span> <span class='ocrx_word' id='word_1_91' title='bbox 878 1603 960 1673; x_wconf 88' lang='lat' dir='ltr'>eique</span> <span class='ocrx_word' id='word_1_92' title='bbox 982 1621 1039 1660; x_wconf 89' lang='lat' dir='ltr'>non</span> <span class='ocrx_word' id='word_1_93' title='bbox 1056 1604 1163 1673; x_wconf 80' lang='lat' dir='ltr'>integri</span> <span class='ocrx_word' id='word_1_94' title='bbox 1182 1606 1215 1659; x_wconf 89' lang='lat' dir='ltr'>et</span> <span class='ocrx_word' id='word_1_95' title='bbox 1284 1669 1290 1677; x_wconf 43' lang='grc'><strong>,</strong></span> 
     </span>
     <span class='ocr_line' id='line_1_14' title="bbox 198 1674 1213 1747; baseline -0.001 -17"><span class='ocrx_word' id='word_1_96' title='bbox 198 1676 376 1731; x_wconf 77' lang='lat' dir='ltr'>librariorum</span> <span class='ocrx_word' id='word_1_97' title='bbox 401 1674 539 1731; x_wconf 87' lang='lat' dir='ltr'>erroribus</span> <span class='ocrx_word' id='word_1_98' title='bbox 569 1675 652 1731; x_wconf 87' lang='lat' dir='ltr'>valde</span> <span class='ocrx_word' id='word_1_99' title='bbox 681 1675 813 1746; x_wconf 82' lang='lat' dir='ltr'>corrupti.</span> <span class='ocrx_word' id='word_1_100' title='bbox 854 1674 892 1730; x_wconf 83' lang='lat' dir='ltr'>Et</span> <span class='ocrx_word' id='word_1_101' title='bbox 917 1675 949 1729; x_wconf 88' lang='lat' dir='ltr'>in</span> <span class='ocrx_word' id='word_1_102' title='bbox 976 1675 1067 1747; x_wconf 89' lang='lat' dir='ltr'>primo</span> <span class='ocrx_word' id='word_1_103' title='bbox 1094 1675 1213 1744; x_wconf 88' lang='lat' dir='ltr'>quidem</span> 
     </span>
     <span class='ocr_line' id='line_1_15' title="bbox 198 1745 1211 1829; baseline -0.002 -27"><span class='ocrx_word' id='word_1_104' title='bbox 198 1747 272 1802; x_wconf 88' lang='lat' dir='ltr'>libro</span> <span class='ocrx_word' id='word_1_105' title='bbox 296 1745 392 1802; x_wconf 77' lang='lat' dir='ltr'>Cicero</span> <span class='ocrx_word' id='word_1_106' title='bbox 419 1745 573 1817; x_wconf 86' lang='lat' dir='ltr'>praemisso</span> <span class='ocrx_word' id='word_1_107' title='bbox 600 1746 744 1829; x_wconf 75' lang='lat' dir='ltr'>prooemio</span> <span class='ocrx_word' id='word_1_108' title='bbox 771 1746 892 1817; x_wconf 86' lang='lat' dir='ltr'>primum</span> <span class='ocrx_word' id='word_1_109' title='bbox 913 1747 1044 1801; x_wconf 85' lang='lat' dir='ltr'>naturam</span> <span class='ocrx_word' id='word_1_110' title='bbox 1065 1745 1134 1800; x_wconf 86' lang='lat' dir='ltr'>iuris</span> <span class='ocrx_word' id='word_1_111' title='bbox 1163 1762 1211 1800; x_wconf 86' lang='lat' dir='ltr'>ex·</span> 
     </span>
     <span class='ocr_line' id='line_1_16' title="bbox 199 1816 1212 1890; baseline -0.002 -18"><span class='ocrx_word' id='word_1_112' title='bbox 199 1817 289 1890; x_wconf 87' lang='lat' dir='ltr'>plicat</span> <span class='ocrx_word' id='word_1_113' title='bbox 311 1834 428 1886; x_wconf 87' lang='lat' dir='ltr'>eamque</span> <span class='ocrx_word' id='word_1_114' title='bbox 449 1818 485 1871; x_wconf 93' lang='lat' dir='ltr'>ab</span> <span class='ocrx_word' id='word_1_115' title='bbox 508 1816 629 1873; x_wconf 88' lang='lat' dir='ltr'>homims</span> <span class='ocrx_word' id='word_1_116' title='bbox 654 1819 754 1873; x_wconf 86' lang='lat' dir='ltr'>natura</span> <span class='ocrx_word' id='word_1_117' title='bbox 775 1816 891 1887; x_wconf 86' lang='lat' dir='ltr'>repetit,</span> <span class='ocrx_word' id='word_1_118' title='bbox 915 1816 1016 1872; x_wconf 88' lang='lat' dir='ltr'>deinde</span> <span class='ocrx_word' id='word_1_119' title='bbox 1040 1816 1212 1884; x_wconf 76' lang='lat' dir='ltr'>considerat,</span> 
     </span>
     <span class='ocr_line' id='line_1_17' title="bbox 200 1887 1210 1959; baseline -0.003 -16"><span class='ocrx_word' id='word_1_120' title='bbox 200 1888 300 1958; x_wconf 88' lang='lat' dir='ltr'>quibus</span> <span class='ocrx_word' id='word_1_121' title='bbox 318 1888 429 1959; x_wconf 81' lang='lat' dir='ltr'>legibus</span> <span class='ocrx_word' id='word_1_122' title='bbox 440 1887 548 1955; x_wconf 18' lang='lat' dir='ltr'>&#39;civitas</span> <span class='ocrx_word' id='word_1_123' title='bbox 565 1888 627 1958; x_wconf 81' lang='lat' dir='ltr'>regi</span> <span class='ocrx_word' id='word_1_124' title='bbox 646 1889 760 1957; x_wconf 86' lang='lat' dir='ltr'>debeat,</span> <span class='ocrx_word' id='word_1_125' title='bbox 779 1887 898 1959; x_wconf 86' lang='lat' dir='ltr'>denique</span> <span class='ocrx_word' id='word_1_126' title='bbox 916 1888 986 1942; x_wconf 88' lang='lat' dir='ltr'>haec</span> <span class='ocrx_word' id='word_1_127' title='bbox 1004 1889 1117 1955; x_wconf 62' lang='lat' dir='ltr'>mactat,</span> <span class='ocrx_word' id='word_1_128' title='bbox 1136 1904 1210 1955; x_wconf 87' lang='lat' dir='ltr'>quae</span> 
     </span>
     <span class='ocr_line' id='line_1_18' title="bbox 200 1956 1210 2101; baseline -0.005 -16"><span class='ocrx_word' id='word_1_129' title='bbox 200 1957 1092 2101; x_wconf 45' lang='lat' dir='ltr'>{turturdorostorensem</span> <span class='ocrx_word' id='word_1_130' title='bbox 1106 1956 1210 2082; x_wconf 61' lang='lat' dir='ltr'>ddi</span> 
     </span>
     <span class='ocr_line' id='line_1_19' title="bbox 200 2071 1209 2171; baseline -0.002 -16"><span class='ocrx_word' id='word_1_131' title='bbox 200 2102 294 2155; x_wconf 88' lang='lat' dir='ltr'>autem</span> <span class='ocrx_word' id='word_1_132' title='bbox 312 2099 504 2169; x_wconf 87' lang='lat' dir='ltr'>disputatione</span> <span class='ocrx_word' id='word_1_133' title='bbox 521 2117 588 2156; x_wconf 88' lang='lat' dir='ltr'>usus</span> <span class='ocrx_word' id='word_1_134' title='bbox 602 2071 651 2155; x_wconf 64' lang='lat' dir='ltr'>’est</span> <span class='ocrx_word' id='word_1_135' title='bbox 663 2101 895 2171; x_wconf 88' lang='lat' dir='ltr'>philosophorum</span> <span class='ocrx_word' id='word_1_136' title='bbox 907 2116 993 2169; x_wconf 85' lang='lat' dir='ltr'>more,</span> <span class='ocrx_word' id='word_1_137' title='bbox 1011 2117 1067 2155; x_wconf 88' lang='lat' dir='ltr'>non</span> <span class='ocrx_word' id='word_1_138' title='bbox 1081 2101 1209 2154; x_wconf 84' lang='lat' dir='ltr'>veterum</span> 
     </span>
     <span class='ocr_line' id='line_1_20' title="bbox 199 2169 1208 2253; baseline -0.001 -28"><span class='ocrx_word' id='word_1_139' title='bbox 199 2172 313 2225; x_wconf 87' lang='lat' dir='ltr'>illorum</span> <span class='ocrx_word' id='word_1_140' title='bbox 332 2169 561 2252; x_wconf 26' lang='lat' dir='ltr'>Socraticorum&amp;</span> <span class='ocrx_word' id='word_1_141' title='bbox 572 2170 804 2252; x_wconf 77' lang='lat' dir='ltr'>Academicorum</span> <span class='ocrx_word' id='word_1_142' title='bbox 822 2172 852 2227; x_wconf 89' lang='lat' dir='ltr'>et</span> <span class='ocrx_word' id='word_1_143' title='bbox 868 2170 1133 2253; x_wconf 73' lang='lat' dir='ltr'>Peripateticorum,</span> <span class='ocrx_word' id='word_1_144' title='bbox 1157 2170 1208 2225; x_wconf 85' lang='lat' dir='ltr'>sed</span> 
     </span>
     <span class='ocr_line' id='line_1_21' title="bbox 200 2241 1209 2393; baseline -0.001 -27"><span class='ocrx_word' id='word_1_145' title='bbox 200 2257 373 2392; x_wconf 58' lang='lat' dir='ltr'>{zoora}</span> <span class='ocrx_word' id='word_1_146' title='bbox 389 2241 614 2393; x_wconf 48' lang='lat' dir='ltr'>diffidit&amp;</span> <span class='ocrx_word' id='word_1_147' title='bbox 629 2243 1004 2382; x_wconf 58' lang='lat' dir='ltr'>detrectarat·</span> <span class='ocrx_word' id='word_1_148' title='bbox 1018 2242 1209 2367; x_wconf 56' lang='lat' dir='ltr'>dontio</span> 
     </span>
     <span class='ocr_line' id='line_1_22' title="bbox 198 2381 1208 2453; baseline -0.002 -15"><span class='ocrx_word' id='word_1_149' title='bbox 198 2381 385 2453; x_wconf 75' lang='lat' dir='ltr'>temporibus,</span> <span class='ocrx_word' id='word_1_150' title='bbox 412 2400 442 2436; x_wconf 87' lang='lat' dir='ltr'>m</span> <span class='ocrx_word' id='word_1_151' title='bbox 468 2383 567 2452; x_wconf 88' lang='lat' dir='ltr'>prim1s</span> <span class='ocrx_word' id='word_1_152' title='bbox 594 2399 612 2437; x_wconf 87' lang='lat' dir='ltr'>a</span> <span class='ocrx_word' id='word_1_153' title='bbox 634 2382 749 2450; x_wconf 87' lang='lat' dir='ltr'>Stoicis,</span> <span class='ocrx_word' id='word_1_154' title='bbox 777 2382 948 2438; x_wconf 75' lang='lat' dir='ltr'>articulatim</span> <span class='ocrx_word' id='word_1_155' title='bbox 973 2382 1109 2438; x_wconf 86' lang='lat' dir='ltr'>distincta</span> <span class='ocrx_word' id='word_1_156' title='bbox 1133 2382 1208 2437; x_wconf 88' lang='lat' dir='ltr'>dice·</span> 
     </span>
     <span class='ocr_line' id='line_1_23' title="bbox 199 2452 1208 2524; baseline -0.001 -15"><span class='ocrx_word' id='word_1_157' title='bbox 199 2455 315 2519; x_wconf 86' lang='lat' dir='ltr'>bantur,</span> <span class='ocrx_word' id='word_1_158' title='bbox 339 2452 414 2522; x_wconf 88' lang='lat' dir='ltr'>quod</span> <span class='ocrx_word' id='word_1_159' title='bbox 435 2452 578 2523; x_wconf 80' lang='lat' dir='ltr'>negabant</span> <span class='ocrx_word' id='word_1_160' title='bbox 600 2453 669 2522; x_wconf 83' lang='lat' dir='ltr'>satis</span> <span class='ocrx_word' id='word_1_161' title='bbox 691 2454 752 2509; x_wconf 84' lang='lat' dir='ltr'>fieri</span> <span class='ocrx_word' id='word_1_162' title='bbox 769 2453 835 2509; x_wconf 90' lang='lat' dir='ltr'>huic</span> <span class='ocrx_word' id='word_1_163' title='bbox 854 2453 889 2509; x_wconf 88' lang='lat' dir='ltr'>de</span> <span class='ocrx_word' id='word_1_164' title='bbox 906 2453 1017 2524; x_wconf 82' lang='lat' dir='ltr'>legibus</span> <span class='ocrx_word' id='word_1_165' title='bbox 1034 2453 1098 2509; x_wconf 87' lang='lat' dir='ltr'>loeo</span> <span class='ocrx_word' id='word_1_166' title='bbox 1116 2470 1208 2523; x_wconf 77' lang='lat' dir='ltr'>posse,</span> 
     </span>
     <span class='ocr_line' id='line_1_24' title="bbox 839 2523 1129 2665; baseline -0.002 -17.269"><span class='ocrx_word' id='word_1_167' title='bbox 199 2522 1208 2665; x_wconf 63' lang='lat' dir='ltr'>n&lt;</span> 
     </span>
     <span class='ocr_line' id='line_1_25' title="bbox 200 2665 1206 2739; baseline -0.001 -19"><span class='ocrx_word' id='word_1_168' title='bbox 200 2665 293 2739; x_wconf 88' lang='lat' dir='ltr'>aperit</span> <span class='ocrx_word' id='word_1_169' title='bbox 310 2668 340 2721; x_wconf 87' lang='lat' dir='ltr'>et</span> <span class='ocrx_word' id='word_1_170' title='bbox 357 2666 487 2720; x_wconf 82' lang='lat' dir='ltr'>ultimam</span> <span class='ocrx_word' id='word_1_171' title='bbox 505 2666 598 2735; x_wconf 87' lang='lat' dir='ltr'>legem</span> <span class='ocrx_word' id='word_1_172' title='bbox 615 2667 687 2722; x_wconf 85' lang='lat' dir='ltr'>dicit</span> <span class='ocrx_word' id='word_1_173' title='bbox 704 2682 765 2722; x_wconf 87' lang='lat' dir='ltr'>esee</span> <span class='ocrx_word' id='word_1_174' title='bbox 782 2668 906 2721; x_wconf 87' lang='lat' dir='ltr'>mentem</span> <span class='ocrx_word' id='word_1_175' title='bbox 919 2665 966 2720; x_wconf 91' lang='lat' dir='ltr'>dei</span> <span class='ocrx_word' id='word_1_176' title='bbox 979 2666 1081 2736; x_wconf 84' lang='lat' dir='ltr'>optimi</span> <span class='ocrx_word' id='word_1_177' title='bbox 1093 2665 1206 2719; x_wconf 83' lang='lat' dir='ltr'>maximi</span> 
     </span>
     <span class='ocr_line' id='line_1_26' title="bbox 201 2736 1207 2807; baseline -0.004 -14"><span class='ocrx_word' id='word_1_178' title='bbox 201 2737 295 2793; x_wconf 87' lang='lat' dir='ltr'>omnia</span> <span class='ocrx_word' id='word_1_179' title='bbox 316 2736 426 2792; x_wconf 86' lang='lat' dir='ltr'>ratione</span> <span class='ocrx_word' id='word_1_180' title='bbox 448 2736 572 2791; x_wconf 90' lang='lat' dir='ltr'>iubentis</span> <span class='ocrx_word' id='word_1_181' title='bbox 596 2740 626 2792; x_wconf 92' lang='lat' dir='ltr'>et</span> <span class='ocrx_word' id='word_1_182' title='bbox 647 2737 784 2807; x_wconf 79' lang='lat' dir='ltr'>vetantis,</span> <span class='ocrx_word' id='word_1_183' title='bbox 808 2753 899 2806; x_wconf 82' lang='lat' dir='ltr'>aqua</span> <span class='ocrx_word' id='word_1_184' title='bbox 915 2737 1060 2791; x_wconf 90' lang='lat' dir='ltr'>hominum</span> <span class='ocrx_word' id='word_1_185' title='bbox 1078 2753 1145 2790; x_wconf 89' lang='lat' dir='ltr'>vera</span> <span class='ocrx_word' id='word_1_186' title='bbox 1161 2737 1207 2790; x_wconf 84' lang='lat' dir='ltr'>lex</span> 
     </span>
     <span class='ocr_line' id='line_1_27' title="bbox 198 2806 1207 2879; baseline -0.002 -16"><span class='ocrx_word' id='word_1_187' title='bbox 198 2806 403 2879; x_wconf 83' lang='lat' dir='ltr'>proficiscatur,</span> <span class='ocrx_word' id='word_1_188' title='bbox 450 2824 502 2862; x_wconf 90' lang='lat' dir='ltr'>uae</span> <span class='ocrx_word' id='word_1_189' title='bbox 525 2807 564 2862; x_wconf 85' lang='lat' dir='ltr'>sit</span> <span class='ocrx_word' id='word_1_190' title='bbox 585 2807 657 2862; x_wconf 89' lang='lat' dir='ltr'>ratio</span> <span class='ocrx_word' id='word_1_191' title='bbox 681 2807 832 2879; x_wconf 85' lang='lat' dir='ltr'>sapientis,</span> <span class='ocrx_word' id='word_1_192' title='bbox 854 2808 923 2878; x_wconf 87' lang='lat' dir='ltr'>apta</span> <span class='ocrx_word' id='word_1_193' title='bbox 944 2807 982 2862; x_wconf 88' lang='lat' dir='ltr'>ad</span> <span class='ocrx_word' id='word_1_194' title='bbox 1003 2807 1156 2862; x_wconf 89' lang='lat' dir='ltr'>iubendum</span> <span class='ocrx_word' id='word_1_195' title='bbox 1177 2808 1207 2861; x_wconf 88' lang='lat' dir='ltr'>et</span> 
     </span>
     <span class='ocr_line' id='line_1_28' title="bbox 199 2877 1206 2948; baseline -0.001 -16"><span class='ocrx_word' id='word_1_196' title='bbox 199 2878 353 2934; x_wconf 87' lang='lat' dir='ltr'>vetandum</span> <span class='ocrx_word' id='word_1_197' title='bbox 376 2881 419 2948; x_wconf 92' lang='lat' dir='ltr'>(co</span> <span class='ocrx_word' id='word_1_198' title='bbox 453 2920 459 2932; x_wconf 89' lang='lat'><strong><em>.</em></strong></span> <span class='ocrx_word' id='word_1_199' title='bbox 479 2878 528 2932; x_wconf 90' lang='lat' dir='ltr'>lib.</span> <span class='ocrx_word' id='word_1_200' title='bbox 547 2879 575 2932; x_wconf 89' lang='lat' dir='ltr'>H</span> <span class='ocrx_word' id='word_1_201' title='bbox 593 2882 629 2948; x_wconf 83' lang='lat'>4).</span> <span class='ocrx_word' id='word_1_202' title='bbox 665 2878 758 2948; x_wconf 78' lang='lat' dir='ltr'>Atque</span> <span class='ocrx_word' id='word_1_203' title='bbox 777 2880 832 2934; x_wconf 92' lang='lat' dir='ltr'>hoc</span> <span class='ocrx_word' id='word_1_204' title='bbox 850 2881 894 2933; x_wconf 88' lang='lat' dir='ltr'>est</span> <span class='ocrx_word' id='word_1_205' title='bbox 911 2880 1106 2948; x_wconf 78' lang='lat' dir='ltr'>argumentum</span> <span class='ocrx_word' id='word_1_206' title='bbox 1124 2877 1206 2932; x_wconf 90' lang='lat' dir='ltr'>huius</span> 
     </span>
     <span class='ocr_line' id='line_1_29' title="bbox 198 2947 1204 3023; baseline -0.004 -18"><span class='ocrx_word' id='word_1_207' title='bbox 198 2949 273 3023; x_wconf 77' lang='lat' dir='ltr'>libri,</span> <span class='ocrx_word' id='word_1_208' title='bbox 292 2965 409 3019; x_wconf 89' lang='lat' dir='ltr'>eamque</span> <span class='ocrx_word' id='word_1_209' title='bbox 428 2949 554 3004; x_wconf 85' lang='lat' dir='ltr'>scholam</span> <span class='ocrx_word' id='word_1_210' title='bbox 573 2948 657 3004; x_wconf 89' lang='lat' dir='ltr'>certis</span> <span class='ocrx_word' id='word_1_211' title='bbox 671 2949 811 3021; x_wconf 81' lang='lat' dir='ltr'>capitibus</span> <span class='ocrx_word' id='word_1_212' title='bbox 826 2948 984 3019; x_wconf 85' lang='lat' dir='ltr'>distinguit.</span> <span class='ocrx_word' id='word_1_213' title='bbox 1017 2948 1141 3003; x_wconf 86' lang='lat' dir='ltr'>Primum</span> <span class='ocrx_word' id='word_1_214' title='bbox 1153 2947 1204 3018; x_wconf 81' lang='lat' dir='ltr'>igi·</span> 
     </span>
     <span class='ocr_line' id='line_1_30' title="bbox 198 3019 1204 3090; baseline 0 -16"><span class='ocrx_word' id='word_1_215' title='bbox 198 3023 246 3074; x_wconf 88' lang='lat' dir='ltr'>tur</span> <span class='ocrx_word' id='word_1_216' title='bbox 263 3020 347 3075; x_wconf 89' lang='lat' dir='ltr'>docet</span> <span class='ocrx_word' id='word_1_217' title='bbox 364 3036 382 3074; x_wconf 87' lang='lat' dir='ltr'>a</span> <span class='ocrx_word' id='word_1_218' title='bbox 400 3020 462 3088; x_wconf 79' lang='lat' dir='ltr'>deo,</span> <span class='ocrx_word' id='word_1_219' title='bbox 480 3019 558 3075; x_wconf 89' lang='lat' dir='ltr'>cuius</span> <span class='ocrx_word' id='word_1_220' title='bbox 576 3020 689 3075; x_wconf 88' lang='lat' dir='ltr'>numine</span> <span class='ocrx_word' id='word_1_221' title='bbox 708 3037 742 3076; x_wconf 90' lang='lat' dir='ltr'>ac</span> <span class='ocrx_word' id='word_1_222' title='bbox 754 3022 848 3076; x_wconf 89' lang='lat' dir='ltr'>mente</span> <span class='ocrx_word' id='word_1_223' title='bbox 862 3021 957 3075; x_wconf 87' lang='lat' dir='ltr'>omnia</span> <span class='ocrx_word' id='word_1_224' title='bbox 968 3022 1111 3090; x_wconf 81' lang='lat' dir='ltr'>regantur,</span> <span class='ocrx_word' id='word_1_225' title='bbox 1128 3036 1204 3089; x_wconf 88' lang='lat' dir='ltr'>prae·</span> 
     </span>
     <span class='ocr_line' id='line_1_31' title="bbox 200 3090 1205 3161; baseline -0.003 -15"><span class='ocrx_word' id='word_1_226' title='bbox 200 3092 275 3146; x_wconf 89' lang='lat' dir='ltr'>clara</span> <span class='ocrx_word' id='word_1_227' title='bbox 302 3090 424 3161; x_wconf 87' lang='lat' dir='ltr'>quadam</span> <span class='ocrx_word' id='word_1_228' title='bbox 451 3090 616 3146; x_wconf 88' lang='lat' dir='ltr'>condicione</span> <span class='ocrx_word' id='word_1_229' title='bbox 643 3092 808 3161; x_wconf 79' lang='lat' dir='ltr'>generatum</span> <span class='ocrx_word' id='word_1_230' title='bbox 832 3107 893 3147; x_wconf 88' lang='lat' dir='ltr'>esse</span> <span class='ocrx_word' id='word_1_231' title='bbox 915 3090 1069 3158; x_wconf 82' lang='lat' dir='ltr'>hominem3</span> <span class='ocrx_word' id='word_1_232' title='bbox 1097 3092 1205 3161; x_wconf 85' lang='lat' dir='ltr'>praeter</span> 
     </span>
     <span class='ocr_line' id='line_1_32' title="bbox 198 3161 1203 3233; baseline -0.003 -15"><span class='ocrx_word' id='word_1_233' title='bbox 198 3163 256 3218; x_wconf 89' lang='lat' dir='ltr'>alia</span> <span class='ocrx_word' id='word_1_234' title='bbox 284 3162 359 3218; x_wconf 88' lang='lat' dir='ltr'>enim</span> <span class='ocrx_word' id='word_1_235' title='bbox 381 3162 456 3217; x_wconf 87' lang='lat' dir='ltr'>bona</span> <span class='ocrx_word' id='word_1_236' title='bbox 473 3161 528 3217; x_wconf 86' lang='lat' dir='ltr'>soli</span> <span class='ocrx_word' id='word_1_237' title='bbox 546 3178 580 3217; x_wconf 84' lang='lat' dir='ltr'>ex</span> <span class='ocrx_word' id='word_1_238' title='bbox 599 3162 722 3217; x_wconf 89' lang='lat' dir='ltr'>omnium</span> <span class='ocrx_word' id='word_1_239' title='bbox 739 3162 924 3217; x_wconf 88' lang='lat' dir='ltr'>animantium</span> <span class='ocrx_word' id='word_1_240' title='bbox 941 3161 1090 3233; x_wconf 82' lang='lat' dir='ltr'>generibus</span> <span class='ocrx_word' id='word_1_241' title='bbox 1108 3177 1142 3215; x_wconf 91' lang='lat' dir='ltr'>ac</span> <span class='ocrx_word' id='word_1_242' title='bbox 1158 3177 1203 3215; x_wconf 86' lang='lat' dir='ltr'>na·</span> 
     </span>
     <span class='ocr_line' id='line_1_33' title="bbox 199 3231 1204 3303; baseline -0.001 -16"><span class='ocrx_word' id='word_1_243' title='bbox 199 3233 270 3288; x_wconf 86' lang='lat' dir='ltr'>turis</span> <span class='ocrx_word' id='word_1_244' title='bbox 288 3232 454 3288; x_wconf 86' lang='lat' dir='ltr'>attributam</span> <span class='ocrx_word' id='word_1_245' title='bbox 472 3247 533 3287; x_wconf 85' lang='lat' dir='ltr'>esse</span> <span class='ocrx_word' id='word_1_246' title='bbox 550 3231 698 3302; x_wconf 84' lang='lat' dir='ltr'>rationem,</span> <span class='ocrx_word' id='word_1_247' title='bbox 716 3249 866 3303; x_wconf 83' lang='lat' dir='ltr'>quaecum</span> <span class='ocrx_word' id='word_1_248' title='bbox 878 3232 1035 3288; x_wconf 82' lang='lat' dir='ltr'>adoleverit</span> <span class='ocrx_word' id='word_1_249' title='bbox 1048 3234 1132 3302; x_wconf 86' lang='lat' dir='ltr'>atque</span> <span class='ocrx_word' id='word_1_250' title='bbox 1145 3249 1204 3302; x_wconf 85' lang='lat' dir='ltr'>por·</span> 
     </span>
     <span class='ocr_line' id='line_1_34' title="bbox 199 3301 1204 3372; baseline -0.001 -15"><span class='ocrx_word' id='word_1_251' title='bbox 199 3303 276 3358; x_wconf 75' lang='lat' dir='ltr'>fecta</span> <span class='ocrx_word' id='word_1_252' title='bbox 302 3303 353 3370; x_wconf 87' lang='lat' dir='ltr'>sit,</span> <span class='ocrx_word' id='word_1_253' title='bbox 381 3301 522 3372; x_wconf 87' lang='lat' dir='ltr'>sapientia</span> <span class='ocrx_word' id='word_1_254' title='bbox 542 3303 715 3372; x_wconf 83' lang='lat' dir='ltr'>nominetur,</span> <span class='ocrx_word' id='word_1_255' title='bbox 742 3305 775 3358; x_wconf 89' lang='lat' dir='ltr'>ut</span> <span class='ocrx_word' id='word_1_256' title='bbox 796 3303 905 3359; x_wconf 87' lang='lat' dir='ltr'>homiui</span> <span class='ocrx_word' id='word_1_257' title='bbox 928 3320 990 3358; x_wconf 92' lang='lat' dir='ltr'>cum</span> <span class='ocrx_word' id='word_1_258' title='bbox 1014 3303 1067 3358; x_wconf 90' lang='lat' dir='ltr'>deo</span> <span class='ocrx_word' id='word_1_259' title='bbox 1090 3302 1204 3358; x_wconf 88' lang='lat' dir='ltr'>rationis</span> 
     </span>
     <span class='ocr_line' id='line_1_35' title="bbox 200 3372 1202 3442; baseline 0 -15"><span class='ocrx_word' id='word_1_260' title='bbox 200 3373 321 3429; x_wconf 84' lang='lat' dir='ltr'>societas</span> <span class='ocrx_word' id='word_1_261' title='bbox 344 3373 383 3428; x_wconf 91' lang='lat' dir='ltr'>sit</span> <span class='ocrx_word' id='word_1_262' title='bbox 405 3374 446 3439; x_wconf 88' lang='lat' dir='ltr'>et,</span> <span class='ocrx_word' id='word_1_263' title='bbox 475 3372 542 3441; x_wconf 89' lang='lat' dir='ltr'>quia</span> <span class='ocrx_word' id='word_1_264' title='bbox 564 3374 637 3428; x_wconf 86' lang='lat' dir='ltr'>ratio</span> <span class='ocrx_word' id='word_1_265' title='bbox 660 3375 706 3428; x_wconf 84' lang='lat' dir='ltr'>lex</span> <span class='ocrx_word' id='word_1_266' title='bbox 729 3373 779 3441; x_wconf 85' lang='lat' dir='ltr'>sit,</span> <span class='ocrx_word' id='word_1_267' title='bbox 807 3374 966 3429; x_wconf 86' lang='lat' dir='ltr'>communio</span> <span class='ocrx_word' id='word_1_268' title='bbox 988 3373 1056 3428; x_wconf 85' lang='lat' dir='ltr'>iuris</span> <span class='ocrx_word' id='word_1_269' title='bbox 1080 3376 1111 3429; x_wconf 81' lang='lat' dir='ltr'>et</span> <span class='ocrx_word' id='word_1_270' title='bbox 1128 3373 1202 3442; x_wconf 85' lang='lat' dir='ltr'>quasi</span> 
     </span>
    </p>
   </div>
   <div class='ocr_carea' id='block_1_7' title="bbox 200 3428 1316 3515">
    <p class='ocr_par' dir='ltr' id='par_1_7' title="bbox 200 3428 1316 3515">
     <span class='ocr_line' id='line_1_36' title="bbox 200 3428 1316 3515; baseline 0.004 -18"><span class='ocrx_word' id='word_1_271' title='bbox 200 3444 338 3512; x_wconf 87' lang='lat' dir='ltr'>quaedam</span> <span class='ocrx_word' id='word_1_272' title='bbox 356 3442 500 3511; x_wconf 80' lang='lat' dir='ltr'>adgnacio,</span> <span class='ocrx_word' id='word_1_273' title='bbox 519 3443 630 3510; x_wconf 86' lang='lat' dir='ltr'>quoda</span> <span class='ocrx_word' id='word_1_274' title='bbox 648 3444 701 3498; x_wconf 92' lang='lat' dir='ltr'>deo</span> <span class='ocrx_word' id='word_1_275' title='bbox 719 3444 792 3500; x_wconf 85' lang='lat' dir='ltr'>ratio</span> <span class='ocrx_word' id='word_1_276' title='bbox 807 3444 846 3500; x_wconf 89' lang='lat' dir='ltr'>sit</span> <span class='ocrx_word' id='word_1_277' title='bbox 858 3445 1024 3514; x_wconf 82' lang='lat' dir='ltr'>ingenerata</span> <span class='ocrx_word' id='word_1_278' title='bbox 1036 3450 1105 3515; x_wconf 85' lang='lat' dir='ltr'>(cap.</span> <span class='ocrx_word' id='word_1_279' title='bbox 1119 3449 1203 3514; x_wconf 75' lang='lat' dir='ltr'>t—a).</span> <span class='ocrx_word' id='word_1_280' title='bbox 1311 3428 1316 3455; x_wconf 55' lang='lat'>³</span> 
     </span>
    </p>
   </div>
   <div class='ocr_carea' id='block_1_8' title="bbox 199 3512 1204 3584">
    <p class='ocr_par' dir='ltr' id='par_1_8' title="bbox 199 3512 1204 3584">
     <span class='ocr_line' id='line_1_37' title="bbox 199 3512 1204 3584; baseline 0.004 -19"><span class='ocrx_word' id='word_1_281' title='bbox 199 3514 307 3569; x_wconf 83' lang='lat' dir='ltr'>Deinde</span> <span class='ocrx_word' id='word_1_282' title='bbox 332 3512 458 3568; x_wconf 82' lang='lat' dir='ltr'>ostendit</span> <span class='ocrx_word' id='word_1_283' title='bbox 475 3517 547 3582; x_wconf 82' lang='lat' dir='ltr'>(cap.</span> <span class='ocrx_word' id='word_1_284' title='bbox 568 3520 614 3584; x_wconf 89' lang='lat'>10,</span> <span class='ocrx_word' id='word_1_285' title='bbox 634 3519 677 3579; x_wconf 94' lang='lat'>11)</span> <span class='ocrx_word' id='word_1_286' title='bbox 696 3515 840 3569; x_wconf 86' lang='lat' dir='ltr'>hominum</span> <span class='ocrx_word' id='word_1_287' title='bbox 858 3516 932 3570; x_wconf 86' lang='lat' dir='ltr'>inter</span> <span class='ocrx_word' id='word_1_288' title='bbox 949 3515 1026 3584; x_wconf 87' lang='lat' dir='ltr'>ipsos</span> <span class='ocrx_word' id='word_1_289' title='bbox 1045 3532 1106 3569; x_wconf 86' lang='lat' dir='ltr'>esec</span> <span class='ocrx_word' id='word_1_290' title='bbox 1125 3532 1204 3584; x_wconf 86' lang='lat' dir='ltr'>prop-</span> 
     </span>
    </p>
   </div>
   <div class='ocr_carea' id='block_1_9' title="bbox 0 0 1332 3912">
    <p class='ocr_par' dir='ltr' id='par_1_9' title="bbox 0 0 1332 3912">
     <span class='ocr_line' id='line_1_38' title="bbox 0 0 1332 3912; baseline 0 2"><span class='ocrx_word' id='word_1_291' title='bbox 0 0 1332 3912; x_wconf 95' lang='lat' dir='ltr'> </span> 
     </span>
    </p>
   </div>
  </div>
 </body>
</html>
