2652 3908
389 125 525 183 muru.
550 125 625 182 car.
639 131 758 182 ,so-ea
781 117 930 193 siro-si.
1102 120 1165 189 135

154 270 413 338 noneudebitis.
458 269 534 336 Non
556 270 644 336 enim
666 262 793 358 ignoro,
818 270 932 355 quanti
955 271 1023 335 eius
1046 287 1164 336 nomen

177 360 287 426 utetis.

134 385 176 479 'p
222 447 284 514 Sed
311 448 365 515 hie
389 448 517 534 quidem
540 449 631 514 loeus
654 447 802 514 concludi
823 447 890 512 iam
913 451 1033 534 potest.
1078 446 1165 512 Nam
1176 407 1219 535 ξιξ

156 539 184 607 si
207 537 351 603 stultitia
369 558 526 603 consensu
545 537 689 603 omnium
706 536 978 623 philosophorum
997 535 1102 602 maius
1116 540 1166 602 est

129 627 294 710 amalum,
320 647 419 711 quam
442 625 471 690 si
493 625 604 692 omnia
625 626 713 691 mals
736 629 769 690 et
790 624 948 691 fortunae-
965 628 999 691 et
1020 624 1167 710 eorporis

156 738 195 781 ex
218 716 323 780 altera
343 717 438 800 parte
459 716 634 799 ponantur,
656 713 852 799 sapientiam
870 717 980 780 autem
997 731 1093 778 nemo
1113 713 1168 780 ed·

155 804 315 888 sequitur,
342 803 377 869 in
400 802 536 867 summis
560 802 655 905 malis
679 820 793 903 omnes
814 801 1084 905 sumus,·,quibus
1107 824 1166 868 vos

155 892 541 1064 samaraeus
558 889 859 1063 assultu
875 888 1168 1065 alalos
1194 1018 1198 1023 ,

117 1085 144 1126 20
157 1069 233 1154 lere,
258 1069 305 1135 sio
326 1089 394 1133 non
415 1067 587 1155 intellego,
610 1067 687 1153 quid
709 1067 849 1152 intersit,
871 1071 982 1133 utrum
1004 1089 1100 1133 nemo
1124 1069 1168 1133 sit

157 1158 303 1244 sapiens,
325 1179 368 1222 an
389 1177 486 1222 nemo
509 1178 580 1222 esse
603 1157 717 1242 possit.
762 1156 895 1222 Aenos
918 1156 1047 1247 quidem
1069 1157 1167 1222 nimis

157 1247 262 1313 multa
289 1245 328 1311 de
355 1267 391 1311 re
418 1246 645 1331 apertissuma
690 1244 824 1310 Telamo
852 1248 962 1310 sutem
983 1267 1049 1311 uno
1071 1266 1169 1311 versu

156 1336 265 1402 losum
286 1338 394 1400 totum
417 1334 556 1419 conficit,
579 1354 636 1400 eur
658 1332 691 1399 di
713 1333 862 1400 homines
884 1329 1075 1421 neglegant:
1166 1402 1168 1405 ,

224 1455 319 1522 Nam
342 1458 376 1522 si
399 1461 547 1542 curent,
573 1457 669 1524 bene
692 1457 805 1536 bonis
828 1457 896 1541 sit,
919 1457 1016 1523 mele
1039 1457 1170 1543 malis}

742 1545 842 1630 quod
863 1548 963 1611 ndns
987 1546 1106 1611 abest.
1204 1604 1207 1609 .

119 1706 144 1748 rs
157 1688 332 1755 Debebant
357 1688 409 1753 illi
432 1688 561 1774 quidem
585 1686 691 1751 omnis
714 1687 818 1753 bonos
841 1686 981 1772 efficere,
1009 1678 1169 1772 siquidem

157 1777 326 1843 hominum
359 1777 471 1864 generi
502 1776 724 1843 consulebant.
770 1772 836 1841 Sin
858 1775 892 1860 id
919 1775 1042 1859 minus,
1073 1777 1168 1841 bonis
1186 1786 1223 1837 80

159 1866 288 1952 quidem
311 1869 398 1932 certe
421 1866 589 1952 consulere
612 1863 784 1930 debebant.
820 1860 914 1930 Curi
942 1864 1007 1929 'tur
1024 1865 1087 1930 duo
1104 1861 1170 1931 Soi-

158 1955 280 2041 piones,
301 1953 500 2020 fortissimos
523 1956 557 2019 et
579 1952 722 2038 optimos
744 1952 843 2037 viros,
864 1953 899 2017 in
951 1952 1078 2038 ispania
1090 1952 1169 2019 Poe·

158 2065 220 2109 nus
239 2042 424 2129 oppressit?
442 2064 499 2108 our
512 2039 674 2107 Maximus
692 2040 811 2106 extulit
823 2041 929 2106 filium
943 2042 1169 2108 consularem?

119 2150 146 2190 20
159 2155 216 2198 eur
237 2131 428 2197 Marcellum
451 2129 618 2196 Hannibal
640 2129 829 2196 interemit?
852 2151 909 2196 eur
931 2129 1070 2196 Paulum
1088 2128 1170 2196 Can·

157 2243 219 2287 nae
242 2219 467 2285 sustulerunt?
489 2240 546 2286 our
559 2218 743 2286 Poenorum
766 2218 951 2284 crudelitati
964 2216 1084 2307 Reguli
1101 2241 1169 2286 eor·

158 2331 221 2397 pus
244 2313 295 2374 est
316 2308 525 2395 praebitum?
547 2330 604 2373 eur
621 2306 813 2373 Africanum
836 2307 1006 2373 domestici
1027 2307 1168 2394 parietes

158 2419 225 2464 non
246 2398 418 2462 texerunt?
451 2393 514 2462 Sed
535 2395 616 2462 haee
632 2400 745 2481 vetera
762 2400 797 2461 et
814 2396 881 2461 alia
897 2396 1075 2482 permulta3
1097 2418 1170 2482 pro·

159 2486 254 2571 piora
275 2485 450 2551 rideamus.
491 2483 558 2550 Our
579 2484 757 2550 avunculus
781 2502 880 2569 meus,
903 2483 954 2549 vir
976 2484 1170 2550 innocentis·

120 2591 148 2632 25
161 2595 272 2639 sumus
289 2573 438 2658 idemque
457 2572 683 2656 doctissumus,
704 2572 740 2638 P.
754 2571 907 2658 Rutilius,
929 2572 964 2638 in
983 2573 1079 2638 exilio
1097 2573 1170 2638 est?

161 2683 219 2728 eur
241 2661 362 2727 sodalis
385 2682 476 2727 meus
498 2659 689 2726 interfectus
712 2660 802 2726 domi
823 2683 914 2745 suae,
937 2660 1086 2726 Drusus?
1114 2682 1171 2726 our

161 2750 397 2835 temperantiae
414 2747 668 2835 prudentiaeque
686 2750 849 2834 specimen
867 2753 943 2815 ante
961 2749 1170 2815 simulaorum

124 2862 133 2875 ²
161 2838 283 2904 Vestae
304 2837 451 2924 pontifex
475 2838 635 2903 maximus
659 2840 712 2922 est
732 2835 769 2913 Q.
787 2835 944 2904 Scaevola
966 2838 1170 2903 trucidatus?

161 2949 219 2993 our
246 2930 322 2992 ante
349 2927 449 2992 etiam
476 2929 528 2991 tot
552 2925 696 2991 civitatis
718 2926 881 3012 prinsipes
904 2947 924 2991 s
947 2923 1052 2992 Cinna
1073 2927 1171 2991 inter·

121 3016 285 3170 ”dlii
308 3011 1043 3190 {tettllldfflssltlttsldhltl
1061 3013 1172 3189 lali

159 3155 292 3260 iubere'?
337 3191 416 3258 Dies
439 3191 576 3276 deficiat,
600 3191 628 3256 si
650 3191 749 3257 velim
771 3152 952 3275 numerar'e,
975 3193 1092 3277 quibus
1115 3193 1172 3256 bo·
1189 3201 1221 3251 81

159 3282 212 3347 nis
230 3282 316 3348 male
333 3282 486 3365 evenerit,
507 3301 567 3346 nee
585 3279 702 3365 minus,
724 3281 754 3345 si
771 3294 1030 3366 oommemorem,
1053 3281 1171 3366 quibus

161 3369 319 3456 improbis
341 3370 473 3455 optime.
510 3366 576 3434 Our
599 3369 684 3434 enim
707 3368 831 3436 Marius
853 3374 924 3434 tam
945 3368 1084 3435 feliciter
1102 3390 1173 3454 sep-

122 3458 279 3523 utimum
302 3458 415 3523 oonsul
438 3457 527 3523 domi
550 3478 628 3524 suee
651 3478 748 3523 senex
768 3461 818 3524 est
836 3457 1008 3522 mortuus?
1031 3476 1089 3521 our
1106 3477 1172 3521 om·
