2652 3908
186 217 252 280 112
496 211 546 266 DE
564 211 716 268 NATURA
733 211 889 267 DEORUM

181 358 215 426 id
242 362 366 444 potest,
395 357 482 443 quod
508 356 656 423 futurum
682 360 742 422 est.
787 353 890 442 Saepe
917 360 1028 422 autem
1049 356 1197 422 neutile

183 447 313 533 quidem
336 448 388 512 est
409 447 501 530 scira
524 445 603 531 quid
619 444 767 510 futurum
786 445 850 531 siu,
866 444 1020 510 miserum
1039 449 1091 510 est
1109 446 1198 511 enim

145 568 148 579 ·
181 536 266 602 nihil
297 535 521 620 proficientem
553 534 631 620 augi
661 555 721 599 nec
751 533 872 599 habere
899 554 940 598 ne
967 533 1038 619 spei
1066 533 1197 619 quidem

183 629 364 690 extremum
378 626 412 688 at
424 627 537 688 tamen
549 643 719 688 commune
733 621 900 705 solacium,
913 622 1109 707 praesertim
1122 645 1199 689 oum

182 734 242 780 vos
263 712 363 777 iidem
380 710 451 777 fato
469 710 541 776 ficri
558 710 674 776 dicatis
693 710 811 795 omnia,
834 709 921 795 quod
939 713 1049 777 autem
1068 732 1200 797 semper
1228 733 1242 773 a

183 824 223 868 ex
241 801 331 867 omni
350 799 544 865 aeternitate
561 820 675 864 verum
692 797 802 882 fuerit,
824 798 858 863 id
876 819 947 864 essa
964 797 1079 864 fatum
1112 798 1201 875 Quid

183 891 285 976 igitur
306 889 398 954 iuvat
421 891 479 953 aut
497 888 575 973 quid
593 886 701 953 adfert
719 886 760 952 ad
777 887 957 954 ostendum
976 886 1058 953 scire
1072 887 1201 973 aliquid

183 979 340 1060 futurum,
362 998 435 1042 cum
458 976 492 1041 id
514 980 601 1042 certe
622 975 771 1042 futurum
793 974 860 1041 sit?
895 973 990 1041 Unde
1012 997 1112 1061 porro
1130 977 1200 1042 ista

185 1065 364 1133 divinatio?
409 1062 489 1140 Quis
511 1065 637 1130 invenit
658 1063 772 1130 fissum
794 1064 933 1130 iecoris?
962 1064 1035 1149 quis
1058 1064 1199 1131 cornicis

185 1159 317 1223 cantum
344 1154 485 1236 notavit,
516 1153 601 1239 quis,
619 1152 740 1218 sortis?
772 1152 891 1237 quibus
914 1173 976 1240 ego
999 1152 1109 1237 credo,
1137 1166 1199 1220 nec
1214 1176 1243 1215 ro

1 1251 2 1254 ’
184 1265 318 1330 possum
336 1242 412 1307 Atti
430 1240 538 1325 Navii,
561 1263 657 1326 quem
675 1240 963 1325 commemorabas,
986 1241 1106 1307 lituum
1123 1263 1200 1308 eon·

185 1336 338 1399 minnere.
384 1329 448 1396 Sed
475 1330 531 1415 qui
558 1331 624 1395 ista
645 1328 815 1396 intellecta
838 1330 918 1414 sint,
948 1352 970 1395 a
989 1329 1200 1416 philosophis

187 1421 287 1487 debeo
325 1420 460 1504 discere,
496 1419 690 1504 praesertim
728 1440 801 1484 cum
837 1418 987 1503 plurimis
1023 1417 1064 1483 de
1099 1418 1200 1485 rebus

135 1526 167 1576 ra
188 1510 287 1575 divini
315 1510 371 1591 isti
399 1509 607 1576 mentiantur.
651 1509 700 1572 At
727 1506 843 1572 medici
870 1528 997 1591 quoque
1025 1504 1087 1594 (ita
1110 1508 1200 1574 enim

1 1601 3 1698 ξ
186 1596 330 1681 dicebas)
353 1618 451 1682 saepe
472 1596 641 1662 falluntur.
677 1593 762 1671 Quid
785 1594 892 1660 simile
915 1595 1082 1680 medicina,
1104 1596 1198 1661 ouius
1214 1615 1243 1656 rs

1 1711 2 1732 ¹
186 1709 247 1774 ego
275 1682 437 1752 rationem
459 1684 567 1767 video,
594 1689 630 1750 et
650 1684 822 1767 divinatio,
850 1705 932 1769 quae
954 1684 1041 1749 unde
1063 1684 1200 1769 oriatur,

186 1797 252 1841 non
275 1773 455 1860 intellego?
496 1772 545 1839 Tu
568 1778 678 1838 autem
701 1774 801 1838 etiam
823 1772 997 1838 Deciorum
1020 1771 1199 1840 devotioni·

186 1864 257 1932 bus,
270 1863 417 1948 placatos
440 1862 517 1927 deos
536 1882 607 1927 esse
625 1882 746 1927 censes.
783 1859 873 1936 Quae
890 1859 954 1925 fuit
972 1882 1084 1926 eorum
1102 1866 1199 1928 tanta

185 1952 352 2036 iniquitas,
374 1956 411 2016 ut
433 1949 557 2034 placari
574 1951 697 2036 populo
715 1948 864 2015 Romano
882 1970 950 2015 non
967 1953 1110 2035 possent,
1132 1951 1200 2016 nisi

173 2041 249 2106 uiri
272 2040 356 2105 tales
380 2038 595 2104 occidissent?
641 2037 822 2105 Consilium
844 2037 928 2102 illud
949 2037 1199 2123 imperatorium
1213 2060 1243 2100 so

185 2128 263 2211 tuit,
294 2126 379 2212 quod
406 2124 522 2193 Graeci
549 2124 761 2211 στρατήγημα
789 2125 970 2212 appellant,
1001 2126 1057 2191 sed
1085 2149 1200 2194 eorum

187 2218 435 2302 imperatorum,
458 2215 513 2300 qui
535 2216 663 2301 patriae
686 2215 907 2298 somniarent,
928 2215 1016 2280 vitae
1037 2236 1105 2281 non
1126 2238 1201 2301 par·

188 2308 311 2388 cerent3
338 2303 495 2373 rebantur
523 2304 610 2368 enim
631 2302 702 2370 fore
720 2307 762 2369 ut
785 2303 945 2369 exercitus
967 2303 1200 2388 imperatorem

187 2393 485 2567 illabili?
500 2390 1201 2565 tl⁰tlltliltzltl⁸ltl3tu
1215 2500 1242 2540 2,

188 2570 311 2654 audivi,
333 2570 404 2653 tibi,
427 2570 456 2634 si
478 2567 640 2637 audivisse
660 2573 694 2634 te
714 2569 803 2653 diois,
825 2569 964 2653 credam,
986 2569 1049 2634 etsi
1066 2567 1199 2635 Faunus

150 2668 168 2731 7
189 2660 320 2727 omnino
344 2658 421 2744 quid
444 2656 489 2723 sit
510 2658 627 2723 nescio.
672 2655 748 2723 Non
770 2658 872 2744 igitur
895 2657 1013 2742 adhuc,
1041 2662 1200 2743 quantum

189 2748 319 2835 quidem
350 2748 445 2812 inte
472 2748 536 2828 est,
566 2743 683 2829 Balbe,
709 2746 867 2833 intellego
895 2745 972 2812 deos
1000 2767 1085 2831 esse,
1117 2768 1200 2831 quos

138 2852 170 2902 16
190 2837 339 2922 equidem
371 2834 466 2901 credo
497 2854 582 2917 esse3
613 2834 670 2901 sed
700 2834 784 2900 nibil
811 2835 928 2900 docent
955 2832 1082 2899 Stoicis
1103 2833 1201 2901 Nam

3 2925 9 3023 l
189 2924 378 3006 Cleanthes,
406 2928 444 2987 ut
473 2922 618 3006 dicebas,
650 2926 806 3009 quattuor
836 2922 942 2988 modis
973 2922 1133 2989 formatas
1165 2925 1201 2988 in
1216 2943 1244 2983 aa

3 3026 4 3031 ’
190 3014 306 3080 animis
333 3011 502 3077 hominum
528 3015 625 3096 putat
653 3011 787 3077 deorum
809 3032 880 3076 esse
901 3012 1061 3077 notiones.
1106 3009 1201 3078 Unus

188 3103 217 3172 is
240 3101 354 3166 modus
378 3104 437 3184 est,
460 3100 500 3164 de
523 3121 588 3184 quo
611 3100 697 3165 satis·
715 3099 791 3184 dixi,
814 3100 944 3184 quiesi
967 3104 1137 3186 susceptus
1161 3122 1201 3166 ex

189 3188 417 3276 praesensione
439 3209 548 3254 rerum
571 3189 764 3272 futurarum,
788 3187 873 3253 alter
891 3209 930 3252 ex
948 3188 1202 3273 perturbationi-

189 3279 249 3342 bus
272 3280 506 3362 tempestatum
528 3280 562 3342 et
583 3276 718 3360 reliquis
741 3277 894 3358 motibus,
917 3277 1035 3343 tertius
1058 3298 1097 3342 ex
1115 3299 1202 3343 oom-

189 3365 347 3437 moditate
364 3388 482 3448 rerum,
505 3386 587 3450 quas
605 3365 810 3451 percipimus,
833 3368 867 3430 et
885 3365 988 3450 copia,
1007 3369 1143 3450 quartus
1161 3385 1245 3433 01³⁵

189 3458 354 3520 astrorum
376 3454 488 3520 ordine
511 3454 656 3538 caelique
675 3453 867 3519 constantia.
904 3452 954 3520 De
971 3454 1203 3540 praesensione

190 3542 337 3609 diximus.
373 3541 423 3607 De
440 3540 743 3626 perturbationibus
761 3541 958 3608 caelestibus
976 3546 1011 3608 et
1026 3543 1202 3608 maritimis
