2654 3912
379 193 446 247 ΜΒ.
465 191 499 245 11.
520 190 596 247 car.
616 197 729 245 ae-ae.
754 194 902 254 §ee-cr.
1089 185 1155 250 429
1180 223 1204 265 q

143 339 177 404 id
201 342 252 402 est
275 337 473 402 vestibulum
496 334 668 419 sepulchri,
690 334 890 398 bustumve
912 353 983 397 usu
1001 330 1087 414 oapi
1105 351 1157 395 ve·

143 432 209 511 tat,
240 429 351 491 tuetur
377 425 429 490 ius
457 423 711 507 sepulchrorum.
755 420 846 486 Haeo
867 419 1026 485 habemus
1048 419 1084 482 in
1105 435 1157 483 ΧΗ

144 537 223 581 sane
246 514 423 580 secundum
444 517 611 595 naturam,
640 532 723 596 quae
745 531 862 575 norma
884 508 969 594 legis
993 509 1057 591 est3
1084 506 1157 570 reli·
1195 536 1200 573 ι

146 626 211 690 qua
239 606 315 667 sunt
342 602 378 666 in
399 623 503 666 more:
530 599 628 666 funus
650 603 689 664 ut
710 598 886 681 indicatur,
914 597 943 662 si
966 596 1044 682 quid
1066 595 1156 659 ludo·

116 711 228 776 trum,
251 691 463 774 dominusque
484 688 608 755 funeris
631 691 744 752 utatur
767 708 901 752 accenso
921 688 1019 770 atque
1037 657 1162 749 lffiffiff

145 782 221 864 bus,
244 779 480 845 honoratorum
502 777 648 843 virorum
671 776 784 842 laudes
805 775 842 839 in
864 774 1015 840 contione
1038 793 1157 838 memo·
1177 784 1209 835 62

145 873 258 936 rentur
281 889 400 953 easque
423 867 522 932 etiam
545 869 660 931 cantus
683 865 725 929 ad
746 863 914 928 tibicinem
931 864 1159 949 prosequatur,

145 958 199 1024 oui
220 978 340 1022 nomen
361 955 489 1039 neniae,
516 976 580 1039 quo
603 953 762 1019 vocabulo
786 952 886 1017 etiam
908 952 995 1035 apud
1016 949 1158 1016 Graecos

146 1049 262 1113 cantus
285 1044 442 1130 lugubres
464 1042 684 1108 nominantur.

105 1154 133 1193 ιο
213 1135 291 1201 Ara
314 1132 447 1198 Gaudeo
470 1135 584 1197 nostra
601 1131 673 1196 iura
692 1131 733 1195 ad
750 1132 902 1194 naturam
921 1127 1130 1196 accommoda
1149 1127 1212 1195 ‘25

146 1224 373 1307 maiorumque
394 1220 556 1306 sapientia
573 1220 747 1285 admodum
767 1219 921 1284 delector·
963 1240 979 1282 e
1020 1217 1159 1302 requiro,

147 1316 186 1377 ut
217 1311 317 1377 ceteri
345 1312 509 1393 sumptus,
541 1309 588 1374 sic
615 1308 716 1373 etiam
744 1308 855 1392 sepulc
879 1328 990 1372 rorum
1017 1306 1159 1371 modum.

148 1400 196 1466 M.
219 1399 321 1465 Recte
347 1397 500 1483 requiris3
527 1418 609 1482 quos
637 1396 723 1461 enim
747 1396 788 1461 ad
811 1399 961 1480 sumptus
984 1417 1160 1482 progressa

148 1490 216 1555 iam
234 1488 301 1552 ista
318 1508 370 1552 res
390 1486 443 1570 sit,
461 1486 497 1550 in
515 1483 550 1551 O.
563 1484 674 1571 Figuli
693 1484 865 1569 sepulchro
879 1483 999 1550 vidisse
1015 1485 1160 1550 teuredo.

109 1596 135 1635 15
149 1576 320 1642 Minimum
344 1574 423 1640 olim
445 1574 542 1639 istius
564 1574 612 1639 rei
630 1573 732 1638 fuisse
750 1572 962 1658 cupiditatem
986 1572 1091 1638 multa
1109 1594 1161 1638 ex·

149 1669 222 1731 tant
250 1663 398 1749 exempla
424 1663 594 1728 maiorum.
634 1661 777 1727 Nostrae
805 1661 935 1746 quidem
957 1660 1041 1747 legis
1063 1662 1161 1727 inter·

132 1758 266 1839 protes,
289 1774 354 1838 quo
377 1752 483 1837 capite
505 1751 659 1817 iubentur
677 1754 843 1835 sumptum
863 1753 897 1817 et
914 1751 1039 1816 luctum
1059 1755 1161 1817 rem'o·

148 1865 224 1908 vere
251 1865 272 1907 a
299 1842 433 1906 deorum
454 1838 601 1905 Manium
628 1840 712 1924 iure,
737 1839 801 1940 hoe
822 1839 1019 1942 intellegant
1040 1839 1075 1905 in
1096 1839 1161 1925 pri·

110 2038 136 2077 a
150 1953 227 2085 ill
241 1929 1162 2103 ebullataslltttltasstatffltltt
1179 2029 1213 2079 a

23 2152 28 2159 -
151 2111 241 2192 sunt,
262 2129 340 2173 nam
363 2110 396 2171 et
414 2105 555 2171 Athenis
574 2106 641 2171 iam
659 2107 698 2171 ab
717 2106 776 2170 illo
793 2109 904 2188 primo
923 2126 994 2189 repe
1010 2103 1161 2192 Cecrope,

150 2200 188 2261 ut
216 2197 321 2280 aiunt,
348 2194 529 2280 permansit
553 2194 617 2261 hoo
643 2196 694 2259 ius
718 2198 807 2260 terra
829 2194 999 2278 humand13
1025 2193 1161 2279 †quam

152 2309 250 2370 quom
268 2283 419 2371 proxumi
433 2283 578 2349 fecerant
593 2283 796 2368 obductaque
810 2285 899 2349 terra
913 2287 993 2367 erat,
1010 2283 1161 2370 frugibus

151 2375 373 2457 obserabatur,
392 2376 430 2436 ut
452 2372 541 2437 sinus
561 2376 594 2437 et
613 2372 774 2459 gremium
791 2372 885 2456 quasi
898 2371 1016 2437 matris
1031 2377 1161 2438 mortuo

10 2530 14 2546 ἰ
113 2463 364 2545 attribueretur,
393 2461 500 2525 solum
523 2463 633 2525 autem
654 2461 806 2546 frugibus
829 2460 996 2544 expiatum
1018 2463 1057 2527 ut
1078 2461 1162 2526 vivis

10 2560 13 2564 ’
151 2550 348 2616 redderetur.
373 2546 599 2634 Sequebantur
612 2549 736 2634 epulae,
750 2570 832 2633 quas
845 2547 974 2613 inibant
987 2548 1163 2634 propinqui

152 2637 308 2721 coronati,
326 2637 412 2722 apud
431 2658 513 2722 quos
528 2637 703 2702 demortui
717 2637 812 2702 laude
824 2635 988 2721 †quomni
1001 2637 1080 2721 quid
1093 2637 1162 2703 veri

153 2730 223 2792 erat
242 2726 465 2811 praedicatum
483 2723 575 2810 (nam
593 2724 726 2791 mentiri
744 2723 836 2790 nefas
854 2723 1062 2810 habebatur),
1083 2725 1163 2808 †ad

151 2815 239 2880 iusta
256 2813 403 2880 confecta
417 2817 519 2879 erant.
545 2813 773 2899 Posteaquam,
791 2817 830 2878 ut
848 2812 962 2879 scribit
975 2812 1162 2900 Phalereus,
1181 2824 1214 2874 64

113 2921 139 2961 a
153 2908 344 2989 sumptuosa
365 2903 436 2968 fieri
458 2902 574 2968 funera
596 2906 630 2968 et
647 2901 874 2968 lamentabilia
892 2900 1084 2987 coepissent,
1107 2901 1163 2969 So·

152 2992 236 3059 lonis
267 2992 341 3078 lege
374 2991 505 3057 sublata
531 2995 622 3076 sunt3
653 3014 751 3077 quam
778 2991 886 3076 legem
913 2989 1033 3056 eisdem
1060 3013 1163 3078 prope

152 3080 268 3149 verbis
287 3080 393 3147 nostri
418 3080 591 3146 decemviri
613 3081 648 3145 in
671 3080 828 3146 decimam
850 3078 999 3144 tabulam
1022 3080 1163 3147 coniece

152 3172 243 3254 ruunt,
269 3191 346 3234 nam
374 3169 413 3233 de
440 3168 547 3235 tribus
569 3168 693 3235 riciniis
717 3173 750 3234 et
771 3168 927 3254 pleraque
949 3168 1010 3234 illa
1032 3166 1163 3236 Solonis

153 3262 242 3342 sunt3
270 3258 309 3323 de
331 3257 484 3322 lamentis
507 3280 585 3323 vero
609 3279 761 3343 expressa
782 3256 891 3322 verbis
915 3260 1004 3323 sunt:
1026 3256 1163 3324 Mulie·

114 3362 225 3499 apesb
236 3368 354 3432 genas
374 3368 420 3411 ne
442 3346 609 3412 radunto
628 3368 722 3411 neve
739 3347 882 3411 lessam
900 3344 1050 3411 funeris
1069 3369 1162 3434 ergo

180 3457 200 3500 a
232 3439 331 3501 ento.

218 3523 268 3588 De
292 3523 472 3608 sepulchris
496 3528 606 3589 autem
629 3522 711 3588 nihil
735 3526 785 3588 est
808 3523 894 3610 apud
917 3519 1071 3590 Solonem
1096 3547 1162 3591 am.
1171 3524 1214 3590 26
