2652 3920
359 227 441 283 111.
460 226 495 284 11.
520 227 595 283 cAP.
617 235 728 284 rr-re.
752 235 768 296 s
786 234 900 285 66-16
1075 231 1138 296 211

131 369 272 437 hibetur.
309 370 394 448 Quid
414 375 466 438 est
488 372 599 460 igitur,
622 373 710 459 quod
732 373 940 440 observatum
963 374 1065 440 sitin
1080 374 1141 441 ful·

133 461 235 547 gure?
271 458 406 528 Ocelum
436 460 472 526 in
498 461 636 528 sedecim
665 461 769 547 pertis
797 461 976 529 diviserunt
1001 461 1141 530 Etrusci

130 547 240 614 Facile
266 547 301 615 id
328 549 460 634 quidem
485 549 562 635 fuit,
591 553 760 636 quattuor,
787 570 869 636 quos
890 572 951 617 nos
975 551 1141 636 habemus,

132 637 311 722 duplicare,
332 641 410 725 post
431 638 517 704 idem
538 638 658 704 iterum
679 638 795 723 fecere,
817 643 861 705 ut'
875 661 914 705 ex
933 661 971 706 cc
990 639 1141 725 dicerent,

104 725 257 791 sfulmen
283 747 348 811 qus
374 748 413 793 ex
439 731 533 813 perte
561 727 713 794 venisset.
756 726 904 794 Primum
929 727 964 794 id
991 728 1068 814 quid
1094 729 1141 794 in·

132 814 256 880 terest?
279 813 393 881 deinde
415 815 494 900 quid
515 815 700 902 significet?
726 814 844 882 Nonne
866 816 1073 903 perspicuum
1091 821 1142 882 est

132 924 171 968 ex
193 902 301 989 prime
322 903 536 970 admiratione
555 904 734 989 hominum,
757 904 843 989 qnod
861 905 1008 971 tonitrua
1024 906 1141 972 iactus·

132 1013 195 1077 que
220 990 395 1057 fulminum
422 993 660 1080 extimuissent,
688 992 862 1060 credidisse
884 1014 923 1060 ee
945 993 1072 1060 efficere
1093 1016 1141 1059 re

131 1102 204 1145 rum
227 1080 371 1146 omnium
393 1085 640 1167 praepotentem
657 1081 791 1147 Iovem?
827 1079 945 1168 Itaque
965 1082 1001 1148 in
1017 1084 1140 1149 nostris

93 1188 119 1227 ιο
132 1169 373 1234 commentariis
387 1169 545 1255 scripturn
557 1171 730 1235 hebemus:
749 1168 855 1236 ‘Iove
873 1175 1048 1256 torrente,
1066 1170 1141 1238 ful·

130 1260 298 1410 purente
333 1258 495 1324 comitis
529 1260 668 1344 populi
703 1258 848 1324 hebere
882 1258 1015 1325 nefas?
1068 1258 1191 1326 Hoces

146 1349 273 1411 ortesse
298 1346 347 1412 rei
375 1347 525 1432 publicae
548 1369 647 1412 661166
668 1347 882 1413 constitutum
906 1352 969 1432 est3
996 1348 1142 1415 comitio

132 1456 205 1498 rum
240 1433 328 1500 enim
357 1456 425 1501 non
456 1435 678 1501 habendorum
711 1456 825 1501 causes
857 1456 928 1501 esee
959 1437 1141 1503 voluerunt.

131 1522 247 1608 Itaque
279 1523 486 1589 comitiorum
517 1523 624 1589 solum
655 1524 773 1589 vitium
805 1526 856 1589 est
886 1524 1024 1611 fulmen,
1056 1526 1142 1610 quod

93 1611 219 1677 isidem
242 1612 392 1677 omnibus
415 1613 512 1678 rebus
536 1616 707 1697 optumum
725 1612 905 1698 auspicium
923 1613 1090 1699 hebemus,
1113 1615 1142 1679 si

133 1700 300 1766 sinistrum
327 1700 400 1766 fuit.
445 1698 509 1766 Sed
538 1700 577 1766 de
605 1700 757 1787 auspiciis
785 1700 850 1766 elic
878 1701 965 1786 loeo,
992 1723 1079 1768 nunc
1102 1703 1141 1769 de

130 1789 325 1875 fulgoribus.

142 1930 146 1941 .
199 1876 282 1953 Quid
299 1878 402 1964 igitur
419 1879 526 1943 minus
546 1876 1191 1965 6611γεί616ὤοί(1616161611611619
1255 1876 1258 1879 ’

134 1988 230 2050 quem
261 1968 341 2032 certi
370 1967 547 2054 significari
573 1967 671 2032 rebus
698 1966 855 2032 incertis?
891 1964 967 2033 Non
994 1968 1079 2033 enim
1107 1971 1141 2033 te

92 2057 212 2140 reputo
235 2076 307 2120 esse
329 2078 411 2141 eum,
435 2055 490 2140 qui
507 2055 579 2121 Iovi
600 2055 725 2121 fulmen
746 2055 932 2122 fabricatos*
944 2074 1015 2122 esse
1028 2054 1141 2141 Oyolo·

132 2164 192 2228 pes
214 2143 249 2208 in
266 2143 375 2210 Aetne
396 2148 506 2231 putes3
527 2166 604 2209 nem
624 2147 710 2210 esset
728 2143 886 2229 mirabile,
910 2164 973 2230 quo
992 2146 1087 2212 modo
1106 2143 1141 2212 id
1157 2158 1192 2209 44

132 2231 279 2318 Iuppiter
301 2233 422 2299 totiens
444 2233 573 2318 iaceret,
596 2255 668 2299 cum
692 2254 792 2298 unum
814 2233 965 2318 heberet3
986 2255 1046 2300 nec
1063 2254 1140 2301 vero

132 2319 323 2387 fulminibus
345 2322 502 2406 homines,
526 2321 603 2406 quid
626 2325 683 2386 eut
704 2321 888 2387 faciendum
911 2325 998 2389 esset
1016 2326 1074 2388 eut
1091 2345 1141 2391 cc·

132 2409 284 2494 rendum,
312 2414 466 2476 moneret.
507 2409 620 2476 Placet
648 2409 734 2475 enim
757 2406 875 2476 Stoicis
898 2431 954 2476 eos
977 2411 1141 2478 anhelitus

91 2501 251 2581 retortae,
279 2498 335 2583 qui
361 2497 475 2585 frigidi
497 2498 576 2582 sint,
604 2520 677 2564 cum
699 2498 799 2564 fluere
821 2498 999 2583 coeperint,
1025 2504 1140 2566 ventos

132 2607 217 2669 esse;
235 2608 308 2651 cum
327 2591 436 2652 autem
453 2607 489 2652 se
504 2587 539 2652 in
556 2588 677 2652 nubem
693 2587 858 2652 induerint
874 2587 1008 2672 eiusque
1021 2589 1141 2653 tenuis·

132 2674 249 2738 simam
272 2695 432 2760 quemque
453 2679 582 2762 partem
606 2675 770 2761 coeperint
792 2674 935 2741 dividere
957 2679 1055 2760 etque
1078 2677 1140 2741 dis-

132 2783 282 2846 rumpere
303 2763 400 2848 idque
422 2764 566 2829 crebrius
587 2762 693 2829 fecere
712 2767 745 2828 et
763 2762 995 2847 vehementius,
1017 2768 1089 2829 tnm
1106 2769 1141 2831 et

131 2850 278 2937 fulgores
305 2855 339 2916 et
364 2852 511 2917 tonitrus
538 2851 690 2936 existere3
722 2851 750 2917 si
778 2855 887 2917 autem
909 2852 1044 2918 nubium
1067 2874 1140 2920 con·

92 2957 118 2997 ro
132 2938 222 3004 flictu
255 2939 352 3005 ardor
383 2961 554 3026 expressus
585 2961 621 3006 se
652 2940 810 3025 emiserit,
841 2940 875 3006 id
907 2961 978 3006 esse
1005 2940 1139 3009 fulmen

132 3027 224 3104 Quod
250 3029 353 3116 igitur
378 3027 412 3093 ri
433 3033 583 3114 naturae,
608 3028 702 3094 nulle
723 3030 923 3113 constantie,
950 3030 1042 3096 nullo
1065 3034 1139 3096 rato

130 3119 278 3202 tempore
305 3116 452 3183 videmus
479 3116 577 3201 effici,
604 3138 644 3183 cx
670 3138 708 3183 eo
736 3117 1009 3205 significationem
1030 3140 1140 3186 rerum

131 3206 397 3291 consequentium
427 3205 633 3291 quaerimus?
671 3202 815 3291 Scilicet,
844 3207 872 3272 si
901 3206 967 3272 iste
993 3206 1139 3293 Iuppiter

132 3294 339 3380 significaret,
356 3298 426 3360 tem
444 3293 551 3360 multo
566 3294 691 3359 frustra
703 3293 842 3361 fulmine
855 3295 1033 3362 emitteret!
1056 3295 1140 3372 Quid
1157 3305 1190 3357 61

85 3397 118 3440 ‘⁸⁵
132 3383 218 3448 enim
249 3383 395 3470 proficit,
423 3404 497 3449 cum
527 3381 563 3448 in
594 3382 735 3448 medium
768 3405 858 3449 mare
888 3383 1014 3449 fulmen
1041 3384 1139 3451 iecit?

131 3470 222 3555 quid,
245 3494 318 3537 cum
340 3472 375 3538 in
397 3470 577 3537 altissimos
599 3471 734 3556 montis,
758 3471 844 3558 quod
866 3468 1056 3558 plerumque
1077 3473 1139 3539 fit?

131 3558 222 3645 quid,
248 3581 321 3626 cum
348 3560 383 3627 in
406 3560 557 3627 desertas
574 3560 789 3627 solitudines?
819 3560 909 3646 quid,
936 3581 1010 3627 cum
1031 3561 1067 3626 in
1088 3582 1139 3627 66·

872 3664 926 3718 14·
