2654 3924
191 200 255 265 296
549 201 598 255 DE
616 200 664 254 RE
682 198 839 254 PUBLICA

191 348 289 426 past]
304 366 371 410 uon
384 348 502 430 potest.
525 343 614 410 Haec
627 344 704 427 fere,
717 343 818 428 Laeli,
833 348 867 408 et
880 344 1038 428 quaedam
1048 340 1210 429 einsidem

191 434 319 520 generis
343 434 385 498 ab
407 433 458 517 iis,
481 432 537 518 qui
560 455 633 498 eam
654 431 795 498 formam
819 432 866 497 rei
888 431 1038 517 publicae
1061 432 1206 497 maxime

160 522 335 638 5laudant,
359 521 519 606 disputari
542 522 657 586 solent.

138 575 172 700 {¹4
257 610 339 675 Tum
367 609 510 675 Laelius:
543 607 627 684 Quid
655 613 706 692 tu,
735 609 855 694 inquit,
885 606 1015 694 Scipio?
1047 629 1064 673 e
1093 609 1221 690 tribus,

191 699 262 763 istis
296 698 382 783 quod
413 698 552 763 maxime
583 698 725 783 probas?
757 698 791 763 S.
813 697 913 762 Recte
940 697 1082 781 quaeris,
1115 697 1237 782 quoda

191 788 330 852 maxime
357 809 375 851 e
401 787 522 869 tribus,
550 787 702 871 quoniam
730 807 842 852 eorum
864 785 991 850 nullum
1012 785 1120 870 ipsum
1143 807 1207 870 per

191 897 226 941 se
249 875 425 960 separatim
447 875 551 959 probo
576 878 802 959 anteponoque
825 874 965 961 siugulis
987 873 1083 958 illud,
1114 874 1206 958 quod

190 965 367 1030 conflatum
390 963 490 1028 fuerit
508 985 547 1028 ex
566 964 724 1028 omnibus.
762 961 824 1027 Sed
843 963 871 1027 si
889 984 989 1028 uuum
1007 984 1045 1028 ac
1062 962 1206 1047 simplex

184 1052 388 1135 probandum
406 1053 458 1130 sit,
477 1051 603 1138 regium
615 1053 752 1134 probem
760 1101 899 1117 .......
920 1051 972 1135 pri
980 1100 1143 1116 ........
1167 1051 1206 1114 in

190 1170 217 1220 p.
237 1143 302 1222 236]
333 1188 761 1205 ....................
788 1140 793 1225 Ι
818 1140 880 1206 hoc
907 1139 979 1205 loco
1008 1140 1204 1225 appellatur,
1221 1158 1251 1199 ιο

124 1268 125 1271 =
192 1229 332 1294 occurrit
358 1250 477 1294 nomen
504 1229 598 1313 quasi
624 1229 768 1314 patrium
795 1228 896 1314 regis,
924 1232 1024 1292 utex
1047 1227 1204 1312 senatis,

190 1317 238 1382 ita
252 1317 449 1382 consulentis
465 1316 532 1382 suis
547 1317 671 1382 civibus
686 1321 719 1381 et
733 1337 788 1382 eos
799 1316 1020 1382 conservantia
1030 1316 1203 1382 studiosius

192 1428 290 1490 quam
310 1455 405 1472 .....
414 1405 497 1470 entis
505 1455 645 1471 .......
653 1409 721 1470 tem
741 1454 926 1471 .........
933 1405 962 1469 is
970 1454 1155 1470 .........
1163 1405 1204 1469 ti-

194 1495 251 1559 bus
274 1544 503 1560 ...........
511 1515 570 1559 uos
590 1493 766 1559 sustentari
784 1494 879 1558 unius
898 1492 1015 1578 optimi
1033 1497 1067 1558 et
1082 1492 1204 1558 summi

140 1597 171 1644 55
191 1583 253 1648 viri
276 1583 454 1669 diligentia.
496 1582 625 1646 Adsunt
648 1583 837 1667 optimates,
865 1581 920 1666 qui
943 1603 977 1647 se
1000 1581 1116 1647 melius
1139 1582 1203 1647 hoc
1218 1600 1246 1642 rs

191 1671 276 1737 idem
299 1670 405 1737 facere
428 1671 643 1756 profiteantur
665 1672 803 1754 plusque
825 1669 895 1735 fore
918 1670 1027 1735 dicant
1049 1670 1085 1735 in
1101 1670 1201 1755 pluri·

190 1789 217 1839 p.
239 1762 302 1840 131]
332 1761 393 1824 bus
423 1759 551 1824 consilii
581 1781 679 1843 quam
706 1759 740 1823 in
766 1780 830 1823 uno
859 1762 893 1823 et
919 1757 1063 1844 eanssdem
1090 1761 1202 1824 tamen

192 1849 391 1932 aequitatem
418 1851 451 1912 et
478 1848 583 1913 fidem.
625 1847 708 1914 Ecce
736 1851 845 1913 autem
873 1846 1015 1911 maxima
1037 1868 1115 1912 voce
1138 1847 1202 1912 cla-

191 1942 261 2001 mat
283 1936 423 2022 populus
446 1958 551 2021 neque
574 1957 609 2000 se
631 1936 688 2000 uni
709 1957 814 2021 neque
836 1936 947 2020 paucis
970 1936 1201 2021 vollepare103

192 2026 344 2090 libertate
366 2046 407 2089 ne
430 2022 508 2089 seris
532 2023 662 2108 quidem
685 2024 857 2107 quicquam
881 2045 951 2089 esse
975 2024 1112 2108 dulcius3
1139 2024 1200 2090 hac
1216 2043 1244 2083 ao

192 2135 303 2178 omnes
322 2134 440 2196 carere,
464 2112 531 2177 sive
550 2112 621 2197 regi
639 2111 707 2177 sive
726 2112 939 2197 optimatibus
959 2111 1110 2177 serviant.
1148 2111 1201 2177 Ita

192 2203 329 2267 caritate
355 2222 415 2265 nos
440 2201 572 2285 capiunt
595 2221 702 2286 regau,
730 2200 865 2267 consilio
890 2200 1078 2285 optimates,
1106 2201 1199 2266 liber·

192 2294 260 2355 tate
285 2289 413 2374 populi,
442 2289 535 2353 utin
558 2288 774 2373 comparando
798 2287 929 2353 difficile
952 2288 993 2353 ad
1016 2289 1200 2375 eligendum

193 2379 248 2461 sit,
278 2377 355 2461 quid
382 2376 521 2441 maxime
544 2377 635 2442 velis.
672 2376 710 2442 L.
739 2375 856 2461 Credo,
883 2376 1002 2460 inquit,
1030 2377 1086 2442 sad
1109 2400 1200 2463 cxpe-

192 2495 218 2546 p.
240 2469 303 2546 132]
328 2465 400 2550 diri,
420 2464 425 2549 Ι
446 2487 527 2549 quae
551 2469 690 2549 restant,
712 2465 767 2531 rix
790 2467 956 2550 poterunt,
979 2465 1009 2530 si
1031 2465 1094 2533 hoc
1115 2466 1200 2533 inco
1215 2485 1241 2525 2⁵

192 2555 307 2619 hatum
329 2552 508 2637 reliqueris.

140 2614 182 2741 dd
258 2643 291 2708 S.
314 2641 485 2708 Imitemur
512 2663 590 2728 ergo
614 2642 766 2726 Aratum,
799 2642 855 2727 qui
881 2644 1010 2730 magnis
1039 2644 1077 2710 ds
1104 2646 1200 2709 rebus

193 2732 297 2797 dicere
329 2730 497 2797 exordiens
530 2753 549 2794 a
576 2728 653 2796 Iove
684 2730 902 2816 incipiendum
924 2735 1029 2816 putat.
1069 2732 1107 2797 L.
1130 2731 1199 2808 Quo

190 2819 289 2885 Iove?
314 2823 371 2885 aut
395 2820 472 2904 quid
494 2819 595 2884 habet
617 2818 705 2883 illius
729 2819 880 2884 carminis
904 2820 1011 2886 simile
1033 2820 1113 2886 haec
1132 2843 1199 2885 ora·

192 2909 261 2974 tio?
295 2908 327 2972 S.
351 2907 507 2991 Tantum,
534 2907 655 2992 inquit,
683 2911 719 2971 ut
747 2907 809 2972 rite
832 2908 874 2972 ab
897 2928 935 2972 eo
963 2908 1088 2974 dicendi
1115 2909 1199 2994 prin·
1213 2926 1239 2966 ³⁰

191 2997 276 3082 cipia
299 2997 475 3082 capiamus,
500 3017 595 3080 quem
615 3018 714 3059 unum
734 2995 877 3060 omnium
897 2995 1029 3061 deorum
1049 3001 1082 3061 et
1100 2996 1200 3062 homi·

191 3107 269 3150 num
288 3105 398 3170 regom
418 3106 487 3149 esse
507 3105 618 3149 omnes
638 3083 725 3149 docti
743 3084 928 3168 indoctique
946 3084 1116 3168 †expoliri
1129 3107 1200 3151 con·

192 3172 346 3238 sentiunt.
383 3171 488 3248 Quid?
512 3172 619 3256 inquit
641 3171 787 3237 Laelius:
816 3171 860 3237 Et
882 3173 951 3237 ille:
976 3171 1060 3248 Quid
1082 3194 1200 3257 canses,

192 3289 220 3341 p.
240 3263 304 3342 165]
328 3260 392 3325 nisi
416 3259 502 3344 quod
525 3263 576 3324 est
595 3263 600 3343 Ι
621 3265 696 3325 ante
720 3261 853 3326 oculos?
886 3258 960 3326 Sive
983 3259 1063 3326 haec
1082 3263 1123 3326 ad
1140 3263 1199 3327 uti·

192 3349 319 3412 litatem
343 3349 430 3413 vitae
453 3347 633 3413 constituta
656 3351 732 3412 sunt
754 3370 775 3413 a
796 3349 996 3434 principibus
1019 3371 1127 3415 rerum
1145 3373 1199 3435 pu·
1213 3365 1237 3407 π

192 3436 365 3519 bliearum,
395 3439 431 3500 ut
461 3457 517 3500 rex
546 3440 718 3520 putaretur
744 3457 827 3500 unus
856 3457 925 3500 esse
952 3437 987 3501 in
1013 3439 1116 3521 caelo,
1147 3438 1200 3524 qui

192 3528 287 3605 nutu,
318 3527 356 3587 ut
383 3525 430 3588 ait
457 3522 633 3606 Homerus,
660 3527 768 3588 totum
795 3522 970 3608 Olympum
998 3530 1200 3592 converteret
