2654 3924
170 229 235 295 278
526 229 576 283 DE
594 229 643 283 RE
661 229 817 285 PUBLICA

170 396 243 440 eum
271 373 368 439 simul
396 394 539 440 essemus
563 374 739 460 compluris
763 374 844 459 dies,
872 375 1032 460 exposita,
1058 375 1094 439 iu
1116 396 1182 460 qua

169 462 253 527 nihil
282 461 364 546 fere,
396 462 482 548 quod
513 484 634 549 magno
666 483 764 548 opere
795 462 837 527 ad
864 464 1008 529 rationes
1036 464 1180 529 omnium

169 572 279 616 rerum
301 550 488 635 pertineret,
509 555 555 617 ccl
575 551 850 636 praetermissum.
1032 564 1033 567 ’

87 670 151 795 ,3
235 691 323 759 Nam
336 715 409 759 cum
422 691 458 757 P.
467 690 641 756 Africanus
654 690 717 776 hic,
729 690 824 757 Pauli
838 693 934 777 filius,
948 692 1038 759 feriis
1052 693 1179 758 Latinis

45 804 125 923 ,iffi
170 780 331 847 Tuditano
355 802 442 847 cons.
464 784 498 846 et
520 779 653 882 riquilio
677 779 902 846 constituisset
923 781 959 846 in
981 781 1086 848 hortis
1110 804 1180 883 esse
1209 799 1224 842 e

18 847 42 949 S
169 869 480 954 famrl1ar1ss1m1que
503 889 571 934 erus
595 867 636 934 ad
659 890 732 933 eum
753 867 940 954 frequenter
957 892 1016 955 per
1035 892 1090 936 ecs
1112 871 1180 936 dies

59 919 144 1125 ᾖ)
169 986 197 1038 p.
207 960 272 1040 2⁷3]
287 958 506 1059 ventitaturos
520 978 555 1058 se
570 977 640 1058 esse
654 955 820 1058 dixissent,
837 954 978 1044 lLatinis
992 958 1073 1044 ipsis
1085 981 1181 1024 mane

21 1088 56 1192 l*
170 1047 436 1220 lldltpanssll
450 1042 1180 1221 {lssltlltssfllhllltabl?tlt

169 1227 215 1307 tu,
233 1223 348 1308 inquit,
366 1226 436 1288 tam
454 1244 558 1306 mane,
576 1221 727 1303 Tubero?
751 1222 874 1289 dabant
892 1222 979 1288 enim
1001 1224 1060 1289 hae
1078 1223 1180 1289 feriae
1195 1243 1222 1282 ιο

168 1311 231 1377 tibi
258 1314 454 1396 oportunam
482 1332 559 1376 sane
587 1311 777 1376 facultatem
805 1311 846 1376 ad
874 1312 1081 1398 explicandas
1105 1316 1179 1377 tuas

168 1401 306 1467 litteras.
351 1398 435 1464 Tum
463 1399 534 1465 ille:
563 1396 646 1463 Mihi
675 1420 752 1464 vero
780 1420 875 1465 omne
902 1404 1032 1486 tempus
1061 1405 1112 1466 est
1139 1401 1181 1486 ad

169 1510 258 1554 meos
285 1488 388 1554 libros
416 1510 568 1573 vacuum3
594 1510 771 1572 numquam
800 1487 886 1554 enim
914 1493 991 1554 sunt
1016 1489 1067 1554 illi
1090 1512 1181 1555 occu·

168 1577 252 1663 pati,
277 1580 311 1642 te
335 1580 444 1642 autem
466 1597 681 1662 permagnum
704 1578 755 1640 est
777 1576 920 1644 nancisci
944 1578 1095 1662 otiosum,
1118 1578 1180 1644 hoc

168 1695 195 1747 p.
213 1667 280 1748 m]
307 1664 500 1751 praesertim
528 1667 620 1731 motu
644 1662 648 1748 l
672 1663 720 1730 rei
747 1664 905 1749 publicae.
947 1662 1030 1731 Tum
1058 1664 1180 1752 Scipio:
1195 1682 1221 1723 ιι

168 1754 271 1840 Atqui
288 1758 403 1829 nactus
423 1775 467 1839 es,
485 1752 542 1818 sed
559 1753 743 1819 mehercule
761 1753 951 1819 otiosiorem
967 1776 1067 1840 opere
1081 1777 1179 1839 quam

169 1843 286 1908 animo.
317 1840 363 1908 Et
380 1842 450 1908 ille:
473 1842 520 1907 At
538 1863 615 1907 vero
635 1841 779 1906 animum
798 1863 925 1926 quoque
944 1844 1070 1909 relaxes
1086 1865 1180 1928 opor-

168 1935 231 2016 tet3
253 1953 365 1997 sumus
384 1930 470 1997 enim
488 1930 594 2014 multi,
616 1934 654 1994 ut
672 1929 910 2015 constituimus,
932 1931 1050 2017 parati,
1074 1931 1102 1996 si
1121 1935 1179 1998 tuo

168 2018 337 2086 commodo
360 2017 431 2084 ficri
452 2022 575 2103 potest,
603 2017 696 2083 abuti
718 2022 826 2085 tecum
848 2019 911 2085 hoc
933 2019 1011 2086 otio.
1047 2019 1106 2086 SC.
1127 2019 1179 2085 Li-

168 2109 265 2173 bente
299 2129 351 2172 me
382 2128 473 2190 vero,
508 2110 546 2171 ut
578 2106 702 2191 aliquid
734 2107 909 2192 aliquando
941 2107 980 2173 de
1013 2107 1179 2190 doctrinae
1194 2124 1219 2166 ²⁰

169 2195 286 2261 studiis
310 2195 551 2320 admoffiaffirr.
1140 2268 1142 2271 Ι

117 2292 160 2356 1⁰
234 2318 319 2384 Tum
344 2267 414 2383 illi:
440 2316 542 2384 Visne
568 2319 684 2406 igitur,
715 2318 869 2404 quoniam
897 2323 930 2385 et
957 2341 1009 2386 me
1037 2320 1178 2405 quodam

117 2369 150 2419 ¹⁶
168 2407 264 2474 modo
281 2406 403 2510 insitas
421 2410 455 2473 et
472 2407 522 2472 tui
540 2428 632 2493 spem
650 2407 717 2492 das,
738 2408 802 2510 hcc
819 2408 970 2510 primum,
995 2406 1176 2512 hfricanel

167 2495 561 2651 adalhart?
573 2496 1177 2668 tltlnhttldlaqtbtldl
1191 2602 1217 2644 ,ι

167 2695 272 2758 neque
295 2673 381 2739 enim
403 2672 498 2759 pauci
520 2694 624 2759 neque
647 2673 845 2757 levassent,
868 2673 923 2758 qui
946 2694 981 2739 se
1004 2674 1068 2739 duc
1092 2676 1178 2740 soles

167 2762 287 2829 vidisse
315 2761 438 2847 dicant,
465 2764 501 2827 ut
527 2783 593 2828 non
620 2765 690 2828 tam
717 2762 797 2827 fides
819 2782 885 2827 ιιοιι
907 2761 1057 2827 habende
1080 2784 1178 2848 quam

167 2851 253 2916 ratic
277 2850 460 2935 quaerenda
482 2849 535 2915 sit
569 2848 633 2916 Hic
651 2847 773 2934 Scipio:
797 2848 901 2926 Quam
920 2850 1039 2916 vellem
1057 2850 1178 2916 Panae

167 2938 251 3004 tium
277 2942 427 3005 nostrum
452 2938 623 3005 nobiscum
649 2937 856 3004 haberemus!
887 2938 1038 3024 quicum
1061 2943 1177 3024 cetera,

167 3031 239 3093 tum
267 3027 348 3093 haec
376 3027 530 3094 caelestia
555 3026 609 3092 vel
636 3026 874 3093 studiosissime
901 3028 986 3093 solet
1014 3042 1216 3111 quaererem

109 3110 117 3213 l
166 3144 194 3196 p.
213 3118 261 3198 ee]
290 3114 352 3181 Sed
380 3136 455 3203 ego,
481 3114 624 3199 Tubero,
655 3112 747 3202 (nam
773 3119 882 3182 tecum
905 3118 912 3200 Ι
935 3119 1061 3202 aperte,
1091 3114 1178 3200 quod

115 3218 119 3247 ¹
168 3205 286 3288 sentio,
313 3201 443 3290 loquar)
470 3225 537 3273 ιιοιι
558 3203 656 3269 nimis
679 3203 845 3269 adsentior
866 3204 902 3270 in
924 3204 1014 3270 omni
1035 3204 1100 3269 isto
1124 3224 1177 3290 ge·

165 3313 243 3359 nere
273 3294 388 3358 nostro
419 3292 471 3358 illi
498 3291 669 3377 familiari,
701 3292 770 3378 qui,
802 3313 884 3377 quac
911 3292 965 3358 vix
992 3292 1178 3359 coniectura

167 3380 278 3465 qualia
300 3380 366 3446 sint
386 3401 559 3535 popsupnus
578 3380 746 3534 ειιῒιιρὶοιιὲἐ
770 3381 817 3446 sic
834 3380 995 3532 aldfirmat,
1018 3385 1055 3445 ut
1074 3381 1176 3545 caplis
1218 3415 1221 3421 ’

132 3474 136 3499 “
167 3490 206 3534 ea
235 3490 364 3535 cernere
393 3468 426 3533 vi
449 3491 487 3536 ea
503 3491 542 3535 ur
570 3491 612 3535 au
673 3491 728 3534 rac
744 3491 799 3535 are
828 3490 925 3553 pane
952 3490 1060 3534 manu.
1135 3491 1176 3534 uo
1191 3483 1215 3524 ³⁵

134 3508 152 3626 l
166 3556 266 3622 etiam
281 3557 510 3643 sapientiorem
524 3555 692 3624 Socratem
707 3558 797 3622 soleo
812 3556 961 3638 iudicare,
977 3556 1032 3640 qui
1046 3577 1175 3621 omnem
