2630 3904
376 183 444 240 ΗΒ.
463 184 484 239 1.
505 183 582 238 cnr.
600 191 715 240 41-44.
735 191 750 251 e
770 191 918 240 rra-122.
1110 184 1154 248 43

138 330 289 392 strantur
313 328 454 393 deorum.
496 326 616 393 Utrum
638 328 741 414 igitur
762 328 816 394 hic
839 330 1047 395 confirmasse
1070 329 1155 394 vide·
1232 375 1233 379 ,

137 420 195 480 tur
221 415 416 502 religionem
439 438 482 482 an
503 417 634 501 penitus
658 421 764 482 totam
787 418 981 484 sustulisse?
1028 417 1155 484 Omitto

136 504 329 570 Eleusinem
353 509 501 570 sanctam
523 505 617 571 illam
640 509 673 570 et
696 510 880 592 augustam,

207 591 284 658 Ubi
306 591 519 658 initiantur
542 597 679 679 gentes
703 615 855 660 orarum
877 595 1055 679 ultimae,

107 687 311 768 epraetereo
335 679 594 749 Samothraciam
619 704 729 766 eaque,
752 703 835 767 quae
857 683 972 748 Lemni

206 769 408 835 Nocturna
433 770 541 835 aditu
565 771 719 837 occulta
741 771 937 856 coluntur,

241 857 517 932 ‚Silve'stribus
541 859 724 944 saepibus
749 859 876 925 de‘nsa.

137 946 265 1023 Quibus
303 947 473 1032 explicatis
510 947 552 1013 ad
587 948 811 1032 rationemque
848 948 1009 1014 revocatis
1046 969 1156 1012 rerum

138 1036 247 1120 magis
270 1040 390 1101 natura
412 1036 620 1122 cognoscitur
644 1059 740 1121 quam
765 1037 906 1102 deorum.
1092 1096 1124 1120 ,κ
1165 1087 1209 1151 43

98 1144 125 1184 ro
206 1123 291 1189 Mihi
310 1124 439 1208 quidem
457 1125 558 1190 etiam
571 1125 787 1209 Democritus,
805 1126 855 1190 vir
874 1147 1012 1212 magnus
1031 1125 1066 1189 in
1082 1120 1155 1209 pri-r
1175 1166 1209 1213 20

140 1213 217 1297 mis,
250 1213 341 1278 cuius
372 1200 895 1300 fontibufflffnams““nfffflos
928 1167 1171 1314 suosirpigad

139 1303 202 1387 vit,
237 1305 355 1366 nutare
386 1301 515 1367 videtur
546 1302 581 1367 in
611 1306 730 1367 natura
761 1303 903 1367 deorum.
922 1290 1038 1379 f‘Tum
1070 1303 1156 1366 eiirm

140 1394 253 1457 censet
279 1390 439 1476 imagines
463 1389 634 1456 divinitate
656 1391 822 1475 praeditas
845 1382 951 1457 inesse
973 1391 1009 1457 in
1031 1391 1157 1455 univer·

141 1480 241 1545 sitate
259 1501 378 1563 rerum,
400 1483 471 1544 tum
489 1479 650 1565 principia
664 1480 792 1564 mentis,
816 1501 899 1564 quae
913 1480 981 1544 sint
995 1479 1030 1543 in
1043 1479 1156 1544 eodem

97 1587 127 1627 1⁵
140 1568 308 1652 universo,
341 1567 417 1633 deos
450 1589 521 1632 esse
553 1568 645 1652 dicit,
677 1571 748 1632 tum
777 1569 959 1633 animantes
987 1567 1156 1653 imagines,

141 1678 225 1742 quae
253 1656 306 1721 vel
333 1657 487 1742 prodesse
514 1656 610 1722 nobis
638 1657 766 1722 soleant
789 1657 841 1721 vel
863 1678 994 1739 nocere,
1017 1659 1087 1720 tum
1111 1656 1157 1719 in·

141 1745 251 1832 gentis
289 1745 447 1828 quasdam
482 1745 643 1831 imagines
678 1749 866 1829 tantasque,
902 1749 940 1809 ut
970 1744 1157 1810 universum

140 1835 299 1900 mundum
345 1833 592 1919 conplectantur
639 1833 852 1916 extrinsecum
898 1855 981 1917 quae
1027 1833 1157 1917 quidem
1240 1878 1245 1916 p

143 1923 255 1988 omnia
283 1926 359 1999 sunt
385 1926 494 2008 pamm
516 1922 698 1988 Democriti
721 1945 818 2006 quam
841 1921 1030 1988 Democrito
1054 1921 1157 2007 digni·
1185 1884 1255 1995 disp
1270 1948 1292 2005 ᾳ

98 2031 129 2071 ao
142 2034 210 2077 ora.
252 2008 330 2086 Quis
354 2011 440 2075 enim
462 2011 544 2076 istas
567 2011 727 2096 imagines
750 2011 1009 2096 conprehendere
1034 2010 1142 2074 animo
1160 1993 1239 2093 1214‘.j
1242 2002 1288 2069 Γ*

141 2100 276 2185 potest?
309 2099 381 2184 quis
409 2099 586 2164 admirari?
619 2100 691 2183 quis
719 2104 777 2164 aut
803 2100 894 2165 cultu
918 2104 975 2164 aut
998 2098 1158 2184 religione
1167 2126 1185 2208 p
1199 2090 1220 2155 ‘l

142 2188 260 2275 dignas
287 2188 451 2254 iudicare?
496 2187 656 2272 Epicurus
683 2210 760 2253 vero
785 2210 823 2253 ex
847 2187 964 2253 animis
988 2172 1271 2263 homiuumulree

142 2276 286 2343 extraxit
309 2276 687 2374 radic'tuQeligippem
710 2299 784 2342 cum
807 2276 856 2340 dis
875 2276 1106 2341 inmortalibus
1101 2264 1181 2372 ψ

143 2388 240 2451 opem
273 2367 306 2429 et
338 2365 482 2450 gratiam
514 2365 658 2430 sustulit.
708 2363 791 2430 Cum
824 2365 911 2429 enim
938 2364 1102 2449 optimam.
1125 2367 1158 2428 et

101 2473 128 2514 2⁵
143 2453 461 2540 praestantissimam
483 2457 635 2519 naturam
658 2454 709 2518 dei
733 2453 820 2517 dicat
842 2475 926 2536 esse,
948 2456 1049 2539 negat
1072 2453 1158 2517 idem

143 2565 216 2609 esse
238 2543 273 2608 in
296 2542 355 2607 deo
374 2542 530 2628 gratiam3
552 2542 643 2607 tollit
661 2541 703 2626 id,
727 2541 813 2627 quod
831 2540 971 2606 maxime
988 2541 1159 2626 proprium

144 2636 196 2697 est
219 2631 362 2717 optimae
384 2631 751 2716 praestantissimaeque
773 2633 919 2694 naturae.
966 2628 1050 2706 Quid
1073 2629 1158 2693 enim

143 2719 262 2785 melius
286 2723 343 2785 aut
366 2719 444 2803 quid
465 2719 686 2804 praestantius
705 2719 854 2784 bonitate
872 2722 906 2783 et
924 2717 1158 2783 beneficentia?

143 2808 312 2885 Quacum
334 2829 444 2873 carere
467 2807 562 2872 deum
584 2807 694 2891 vultis,
716 2807 880 2872 neminem
903 2807 962 2872 deo
985 2828 1044 2872 nec
1063 2806 1158 2871 deum

101 2915 130 2956 ⁸⁰
144 2920 204 2963 nee
225 2896 392 2962 hominem
415 2919 535 2980 carum,
556 2897 719 2961 neminem
742 2896 784 2961 ab
803 2917 841 2960 eo
861 2894 974 2980 amari,
995 2895 1157 2960 neminem

144 2985 240 3073 diligi
269 2985 379 3051 vultis.
423 2984 477 3050 Ita
505 2985 556 3068 fit,
588 2989 625 3048 ut
652 3007 718 3050 non
746 2984 842 3050 modo
865 2983 1014 3049 homines
1038 3007 1058 3049 a
1081 2984 1159 3068 deis,

144 3074 201 3141 sed
224 3073 289 3159 ipsi
312 3073 364 3139 dei
380 3073 467 3139 inter
486 3095 520 3138 se
539 3074 581 3138 ab
601 3072 674 3138 aliis
694 3072 751 3137 alii
769 3072 997 3159 neglegantur.
1029 3070 1212 3148 Quant044

144 3161 248 3230 Stoici
275 3162 406 3247 melius,
435 3161 490 3247 qui
518 3183 538 3227 a
560 3161 655 3227 vobis
678 3161 971 3247 reprehenduntur!
1018 3159 1159 3227 Densent

143 3255 255 3318 autem
274 3251 437 3337 sapientes
457 3250 659 3336 sapientibus
679 3251 779 3316 etiam
797 3250 921 3337 ignotis
940 3271 1010 3315 esse
1027 3250 1157 3314 amicos.

102 3340 238 3408 csNihil
265 3344 316 3406 est
342 3340 429 3405 enim
455 3339 577 3405 virtute
605 3339 793 3422 amabilius3
821 3361 918 3422 quam
942 3337 998 3422 qni
1020 3338 1157 3421 adeptus

143 3430 217 3515 erit,
239 3429 434 3514 ubicumque
457 3428 520 3495 erit
544 3427 700 3514 gentium,
723 3449 743 3492 a
764 3427 860 3492 nobis
879 3427 1043 3512 diligetur.
1075 3425 1144 3491 Vos
1161 3434 1210 3483 122

143 3522 255 3585 autem
279 3517 357 3602 quid
380 3517 460 3583 mali
483 3516 582 3598 datis,
605 3538 679 3582 cum
701 3517 737 3581 ia
759 3515 973 3580 inbecillitate
997 3513 1158 3597 gratifica·
