2652 3920
194 219 260 282 244
560 217 609 273 DE
627 216 869 273 DIVINATIONE

141 341 185 467 δέ
204 366 312 428 autem
330 361 542 449 eognovimus
559 362 730 427 neminem.
765 360 849 426 Vide
866 360 978 448 igitur,
1000 382 1050 445 ne,
1073 359 1201 426 etiamsi

142 420 156 468 ¹
178 421 426 516 1diuinationem
448 450 511 516 tibi
533 471 603 516 esse
626 470 823 534 conoessero,
848 449 934 535 quod
955 471 1134 534 numquam
1156 449 1201 515 fa·

195 538 293 623 eiam,
329 539 489 604 neminem
526 542 636 604 tamen
673 538 816 603 divinum
852 537 1005 623 reperire·
1029 538 1200 622 possimus.

195 626 307 704 Qualis
331 632 441 693 autem
463 627 528 693 ista
550 649 642 692 mens
665 630 715 693 est
738 627 885 710 deorum,
908 625 937 692 si
958 648 1062 711 neque
1086 648 1125 692 ea
1146 648 1200 691 no-

193 716 245 781 bis
269 716 454 804 significant
476 716 511 780 in
533 716 665 800 somnis,
689 736 771 800 quae
793 714 857 800 ipsi
879 736 1015 800 perros
1033 715 1201 801 intellega—
1225 732 1238 777 e

194 826 276 889 mus,
297 827 401 890 neque
425 827 471 888 ea,
495 826 633 889 quorum
654 806 850 889 interpretes
872 803 993 868 habere
1016 804 1200 886 possimus?

195 893 317 957 similes
346 893 432 957 enim
460 896 536 958 sunt
559 893 622 977 dei,
650 893 679 956 si
702 915 740 957 ea
761 891 857 957 nobis
880 891 1037 975 obiciunt,
1064 912 1201 974 quorum
1260 908 1266 913 ·

194 1003 255 1046 nee
285 980 456 1047 seientiam
486 1003 591 1066 neque
623 981 866 1065 explanatorem
897 979 1090 1063 habeamus,
1122 983 1201 1044 tam·

196 1092 292 1153 quam
323 1070 351 1134 si
373 1068 473 1135 Poeni
503 1072 560 1134 aut
582 1068 723 1156 Hispani
748 1069 784 1133 in
811 1071 927 1135 senatu
952 1072 1067 1133 nostro
1094 1068 1202 1152 loque-

90 1186 91 1191 *
146 1169 194 1217 132
210 1160 322 1222 rentur
349 1158 418 1223 sine
445 1157 631 1243 interprete.
671 1155 743 1222 Iam
769 1179 846 1222 vero
874 1179 938 1242 quo
961 1157 1125 1242 pertinent
1148 1157 1202 1222 ob·
1216 1177 1240 1216 ro

197 1245 368 1311 sauritates
391 1249 424 1310 et
446 1246 632 1332 aenigmata
654 1244 875 1312 somniorum?
901 1245 1051 1330 intellegi
1074 1244 1161 1309 enim
1182 1267 1203 1310 a

196 1333 291 1398 nobis
323 1334 355 1398 di
386 1334 470 1399 velle
498 1335 659 1400 debebant
686 1356 737 1418 ea,
769 1356 851 1419 quae
877 1337 992 1399 nostra
1017 1355 1116 1398 eausa
1141 1354 1202 1398 nos

195 1426 372 1487 monerent.
413 1420 518 1499 Quid?
541 1427 638 1508 poeta
660 1445 770 1508 nemo,
795 1444 892 1487 nemo
914 1421 1068 1507 physicus
1091 1422 1203 1487 obseu-

144 1522 194 1571 133
208 1511 286 1576 rus?
317 1510 380 1576 Ille
406 1533 483 1577 vero
510 1511 608 1576 nimis
636 1511 734 1576 etiam
757 1511 913 1576 obscurus
935 1509 1141 1595 Euphoriou3
1168 1513 1203 1575 at

194 1621 261 1664 non
282 1597 455 1665 Homerus.
491 1597 574 1664 Uter
596 1599 697 1685 igitur
719 1599 857 1664 melior?
893 1599 998 1663 Valde
1015 1596 1202 1663 HeraoIItus
1217 1618 1242 1658 rs

195 1687 360 1772 obscurus,
378 1687 513 1753 minime
525 1687 739 1753 Democritus.
770 1687 859 1754 Num
876 1687 979 1774 igitur
996 1687 1202 1753 eonferendi‘?

193 1774 269 1841 Mea
286 1798 384 1842 eausa
402 1799 453 1842 me
471 1799 592 1861 mones,
616 1777 701 1861 quod
719 1799 785 1842 non
802 1776 1016 1863 intellegam?
1050 1773 1133 1851 Quid
1151 1797 1203 1840 me

194 1864 297 1950 igitur
318 1866 452 1930 mones?
475 1868 512 1930 ut
535 1865 564 1930 si
587 1865 659 1950 quis
683 1864 824 1929 medicus
843 1869 978 1951 aegroto
996 1864 1144 1949 imperet,
1166 1867 1203 1928 ut

195 1957 303 2017 sumat

239 2040 504 2126 Terrigenam,
522 2040 809 2125 herbigradam,
827 2040 1099 2126 domiportam,
1118 2063 1203 2105 san·
1218 2061 1245 2101 ao

829 2129 943 2214 guine
966 2151 1128 2213 cassam,

195 2235 305 2319 potius
333 2257 430 2320 quam
457 2234 627 2299 hominum
649 2256 739 2299 more
762 2236 929 2300 oooleam
953 2234 1081 2299 diceret.
1117 2234 1204 2299 Nam

195 2322 396 2388 Pacuvianus
420 2323 563 2408 Amphio

241 2426 465 2514 Quadrupes
509 2428 754 2515 tardigrada,
800 2428 985 2515 agre‘stis,
1030 2429 1204 2513 humilis,

964 2519 1114 2602 aspera,
1298 2522 1302 2523 ⁷

239 2604 378 2692 Capite
395 2605 519 2689 brevi,
541 2605 690 2671 cervice
709 2607 889 2693 anguina,
912 2609 1072 2691 aspeetd
1090 2606 1204 2690 truci,

240 2693 484 2778 Eviseerata,
507 2693 689 2779 inanima,
712 2717 792 2760 oum
817 2692 979 2759 animali
1000 2715 1093 2760 sono
1219 2712 1249 2754 aa

197 2824 271 2869 oum
294 2802 429 2866 dixisset
453 2800 631 2887 obscurius,
653 2804 722 2865 tum
746 2801 850 2866 Attici
872 2801 1081 2886 respondent:

241 2907 326 2973 Non
348 2906 634 2993 intellegimus,
656 2905 733 2972 nisi
757 2908 789 2973 si
813 2912 944 2992 aperte
968 2905 1121 2972 dixeris.

197 3016 242 3079 At
264 3013 320 3078 ille
343 3034 408 3078 uno
430 3013 544 3078 verbo:
572 3011 750 3078 Testudo.
788 3012 865 3078 Non
886 3017 1039 3098 potueras
1062 3012 1125 3078 hoo
1146 3012 1207 3098 igi-

197 3108 251 3167 tur
274 3100 485 3186 aprineipio,
509 3100 689 3184 citharista,
712 3101 838 3166 dicere?

144 3177 208 3254 55⁴
263 3189 378 3255 Defert
402 3190 442 3255 ad
465 3189 680 3255 eonieotorem
704 3189 834 3274 quidam
857 3189 1035 3255 somniasse
1054 3211 1089 3255 se
1108 3212 1208 3257 ovum
1223 3207 1252 3248 ³0

146 3255 336 3362 impendere
355 3300 394 3342 ex
411 3277 520 3343 fascea
537 3277 614 3343 leeti
632 3277 682 3341 sui
696 3276 889 3343 cubicularis
904 3275 969 3364 (est
982 3278 1092 3344 hocin
1105 3276 1209 3362 Chry·

199 3365 285 3450 sippi
307 3365 391 3431 libro
415 3364 606 3452 somnium)3
628 3366 795 3466 respondit
814 3366 977 3468 eonieetor
994 3367 1210 3468 thensaurum

201 3451 364 3518 defossum
387 3474 457 3518 esse
480 3453 540 3518 sub
564 3454 657 3518 leeto.
693 3452 1210 3540 Fodrt,mvon1taur1aquuan·

197 3544 282 3623 tum,
317 3540 414 3624 idque
450 3541 684 3606 circumdatum
715 3545 866 3627 argento,
902 3542 993 3608 misit
1024 3543 1212 3629 coniectori,
