2652 3908
204 195 267 260 106
517 192 566 247 DE
585 192 738 249 NATURA
754 192 910 248 DEORUM

57 346 62 351 ’
200 362 273 407 rum
298 339 461 406 neminem
487 337 552 403 nisi
577 338 710 404 iurante
735 337 805 404 deo
825 337 927 405 talem
955 336 1055 404 fuisse
1082 337 1213 405 creden·

151 444 201 494 rso
215 429 292 494 dum
318 432 378 494 est.
424 425 513 503 Quae
540 426 626 492 ratio
652 429 767 512 poetas
794 447 1008 512 maxumeque
1030 424 1213 492 Homerum

201 517 335 603 inpulit,
361 519 399 582 nt
421 515 623 601 principibus
645 514 794 599 heroum,
815 512 920 599 Ulixi,
941 513 1102 599 Diomedi,
1124 515 1214 600 Age·

201 604 378 689 memnoni,
400 603 538 688 Achilli,
560 606 666 670 certos
690 602 768 673 deos
789 602 1011 671 discriminum
1033 606 1067 668 et
1089 603 1214 689 pericu-

201 695 309 761 lorum
331 692 467 760 comites
489 691 688 779 adiungeret
723 691 897 757 Praeterea
913 692 1060 777 ipsorum
1078 691 1240 758 domums

201 778 1216 937 {tarilmrffttclttlt‘tprffllllttlrltlz
1312 796 1314 915 l

201 959 279 1043 suli3
306 957 393 1043 quod
415 955 545 1042 quidem
567 956 773 1044 intellegitur
795 868 896 1060 stibii
918 957 1216 1061 significationibus
1312 920 1314 1013 l

201 1045 1217 1221 {disimulantbullitum
1230 1155 1254 1194 ω
1312 1080 1314 1229 l

201 1224 293 1291 extis,
315 1223 527 1291 admonemur
549 1223 726 1308 multisque
748 1222 845 1288 rebus
868 1222 957 1306 aliis,
984 1245 1065 1309 quas
1088 1223 1216 1289 diutur·
1312 1232 1314 1307 ἦ

200 1326 262 1379 nus
288 1334 368 1379 usus
393 1312 442 1377 ita
470 1310 618 1396 notavit,
638 1313 677 1376 ut
699 1314 804 1377 artem
827 1311 1036 1377 divinationis
1060 1311 1217 1379 efficeret.
1312 1316 1314 1403 ξ

150 1416 199 1465 ror
214 1401 320 1468 Nemo
346 1401 452 1487 igitur
475 1398 526 1466 sir
553 1420 691 1486 magnus
720 1400 789 1465 sine
817 1400 927 1484 aliquo
956 1399 1081 1467 adflatu
1101 1400 1216 1466 divino
1312 1406 1314 1495 l

200 1511 357 1576 umquam
382 1489 455 1555 fuit
499 1486 568 1553 Nec
594 1509 672 1555 vero
700 1489 735 1554 id
759 1487 808 1554 its
833 1487 1047 1555 refellendum
1075 1493 1139 1573 est,
1168 1497 1216 1574 ut,

202 1581 230 1645 si
253 1578 418 1681 segetibus
441 1576 639 1679 aut-vinetis
662 1576 842 1679 cuiuspiam
859 1581 1038 1662 tempestas
1056 1578 1217 1680 nocuerit,
1230 1596 1255 1638 rs

201 1672 259 1824 ti
285 1665 1217 1841 titfflltlttttrbtitillentur&

201 1846 345 1932 glectum
377 1865 397 1908 a
425 1843 485 1908 deo
511 1842 697 1908 iudicemus.
741 1840 864 1929 Magno
890 1842 923 1907 di
949 1846 1077 1927 curant,
1108 1866 1217 1929 parva
1311 1850 1312 1889 3

199 1933 388 2020 neglegunt.
424 1930 554 2017 Magnis
578 1934 686 1996 antem
705 1930 786 1995 viris
804 1952 980 2017 prosperas
999 1953 1127 2017 semper
1146 1955 1216 1999 om÷
1311 1954 1313 2007 l

148 2036 150 2040 ’
200 2043 257 2086 nes
280 2042 342 2104 res,
365 2018 526 2103 siquidem
549 2018 631 2084 satis
653 2042 673 2083 a
694 2018 817 2085 nostris
840 2023 874 2084 et
896 2042 917 2085 a
938 2019 1084 2105 principe
1107 2020 1217 2105 philo·
1230 2040 1255 2080 so
1312 2018 1313 2069 ἰ

201 2108 335 2211 sopbiae
358 2105 490 2173 Socrate
513 2106 636 2173 dictum
658 2111 710 2173 est
732 2107 772 2172 de
794 2106 1000 2174 ubertatibus
1022 2108 1157 2174 virtutis
1181 2114 1217 2176 et

201 2218 357 2350 οΘΡΙΙΙΙῗιεο
375 2284 457 2350 mihi
474 2242 541 2349 fere
559 2285 594 2349 in
612 2287 754 2350 mentem
771 2284 956 2370 veniebant,
978 2307 1060 2370 quae
1078 2284 1216 2354 dicenda

977 2372 1089 2527 rr

201 2485 243 2617 dil
262 2484 448 2637 plisdtifiadbm
477 2571 548 2616 esse
575 2482 700 2637 cogitis
727 2482 1215 2637 etquuoniapdmicnpitrsmqus
1311 2636 1312 2639 Ἴ

201 2644 330 2726 partem
352 2639 446 2704 vobis
469 2639 547 2704 licet
569 2638 744 2723 disputare,
766 2637 852 2704 hanc
869 2639 979 2724 potius
997 2660 1108 2705 sumas
1127 2662 1215 2706 eam·
1311 2664 1312 2703 l

201 2751 264 2814 que
281 2727 473 2795 facultatem
491 2725 678 2810 disserendi,
700 2748 798 2811 quem
815 2725 880 2790 tibi
898 2749 918 2792 a
936 2727 1108 2794 rhetoricis
1124 2750 1214 2795 exer·

200 2816 411 2883 citationibus
441 2819 610 2900 acceptam
641 2812 853 2900 amplificavit
879 2814 1069 2900 Academia,
1100 2817 1212 2902 potius
1311 2830 1312 2903 ζ

200 2905 264 2972 huc
282 2904 439 2971 conferas.
469 2901 559 2968 Mela
577 2901 664 2968 enim
682 2907 716 2968 et
733 2901 836 2988 impia
852 2903 1050 2970 consuetudo
1069 2908 1120 2970 est
1137 2927 1213 2972 con·
1226 2922 1253 2964 sc

200 2998 255 3060 tra
277 2993 355 3059 deos
373 2991 568 3077 disputandi,
591 2991 660 3057 sive
678 3012 718 3056 ex
737 2990 846 3058 animo
863 2991 898 3057 id
915 2992 954 3058 fit
967 2992 1036 3057 sive
1050 2992 1213 3062 simulate

149 2257 199 2384 u
