2652 3908
386 210 454 268 LIB.
473 211 508 267 Π.
528 209 604 267 CAP.
623 217 737 267 ιιι-62.
756 217 772 278 9
791 217 939 269 tre—13⁰.
1122 214 1166 278 93

150 356 290 443 pareat?
342 354 429 422 Nam
464 355 606 442 primum
638 355 721 422 aliae
753 377 872 440 mares,
909 355 993 422 aliae
1024 355 1164 423 feminae

154 450 244 529 sunt,
274 444 362 529 quod
383 445 612 531 perpetuitatis
636 466 733 510 eausa
756 443 943 511 machinata
965 448 1083 511 natura
1106 449 1165 530 est,

154 532 269 599 deinde
292 536 403 618 partes
426 533 571 619 corporis
595 537 628 598 et
650 533 693 598 ad
714 534 950 618 procreandum
973 537 1006 599 et
1029 534 1071 599 ad
1093 556 1166 600 con·

154 621 340 707 cipiendum
367 621 569 708 aptissimae,
596 625 630 687 et
656 621 692 686 in
714 644 803 687 mare
826 621 916 687 etin
938 621 1060 687 femina
1082 644 1167 689 eom·

126 709 396 776 miscendorum
422 731 595 795 corporum
617 709 719 776 mirae
742 710 902 776 libidines.
947 708 1031 777 Oum
1058 715 1168 777 autem

155 799 191 863 in
219 797 300 865 locis
328 819 439 864 semen
465 798 599 881 insedit,
626 799 715 884 rapit
742 820 872 864 omnem
898 796 966 865 fe'ra
996 800 1104 865 cibum
1127 799 1169 866 ad

156 908 228 952 sese
252 908 353 972 eoque
376 890 526 972 saeptum
545 887 643 974 fingit
660 887 796 972 anima13
819 887 997 973 quodcum
1017 910 1056 954 ex
1073 892 1167 954 utero

155 976 305 1061 elapsum
329 975 460 1059 excidit,
484 975 520 1040 in
542 975 583 1040 iis
606 975 841 1060 animantibus,
865 998 948 1062 quae
971 976 1056 1043 lacte
1079 977 1167 1043 alun-

155 1067 226 1148 tur,
254 1064 358 1129 omnis
387 1063 455 1130 fere
482 1063 573 1129 cibus
601 1068 743 1130 matrum
766 1065 940 1131 lactescere
963 1065 1091 1152 incipit,
1119 1087 1169 1131 ea-

115 1170 144 1210 10
157 1173 235 1237 que,
263 1174 345 1237 quae
373 1152 472 1238 paulo
500 1156 576 1219 ante
597 1156 677 1218 nata
700 1157 790 1238 sunt,
812 1153 882 1219 sine
905 1154 1066 1240 magistro
1090 1153 1169 1219 duce

155 1244 277 1306 natura
312 1261 472 1306 mammas
505 1244 664 1327 appetunt
696 1263 870 1326 earumque
901 1243 1051 1308 ubertate
1083 1247 1170 1308 satu-

156 1332 282 1394 rantur.
323 1328 433 1413 Atque
456 1333 493 1394 ιιι
515 1329 745 1415 intellegamus
768 1330 851 1396 nihil
873 1329 990 1396 horum
1013 1351 1083 1396 esse
1105 1330 1170 1397 for·

156 1417 288 1502 tuitum,
307 1421 340 1483 et
357 1417 438 1484 haec
456 1418 566 1483 omnia
585 1439 655 1484 esse
675 1440 775 1504 opera
793 1418 947 1504 providae
961 1419 1169 1504 sollertisque

156 1509 305 1590 naturae,
311 1528 410 1609 ‘quae
433 1506 630 1592 multiplices
652 1506 700 1572 fet
686 1511 739 1572 tus
762 1511 944 1593 procreant,
966 1511 1004 1572 ut
1027 1529 1110 1593 sues,
1132 1511 1170 1573 ut

117 1612 142 1653 ιε
157 1616 269 1678 canes,
296 1594 337 1659 iis
365 1617 580 1660 mammarum
606 1595 684 1661 data
648 1599 758 1660 test
780 1595 865 1661 mult
850 1595 970 1680 titud03
998 1617 1079 1681 quas
1102 1617 1170 1661 eas·

157 1683 233 1748 deur
255 1703 376 1769 paucas
398 1682 522 1749 habent
507 1687 601 1749 teae
623 1683 708 1749 best
683 1687 764 1767 trae,
783 1705 872 1769 quae
894 1706 998 1769 pauca
1021 1683 1170 1771 gignunt.

157 1769 244 1847 Quid
264 1770 379 1856 dicam,
401 1775 543 1874 quantus
561 1794 654 1838 amor
671 1773 851 1838 bestiarum
870 1772 966 1838 sitm
984 1773 1157 1838 educandis
1174 1788 1223 1838 ιιι

158 1859 481 1945 custodiendisque''
460 1882 511 1945 us,
533 1882 615 1946 quae
634 1864 895 1947 procreaverunt,
916 1882 1019 1946 usque
1038 1861 1171 1927 adeum

157 1949 268 2032 finem,
290 1948 367 2013 dum
389 1949 519 2034 possint
541 1971 576 2014 se
598 1949 671 2035 ipsa
693 1949 884 2015 defendere?
913 1949 976 2014 etsi
998 1949 1112 2034 pisces,
1135 1953 1172 2015 ut

118 2055 144 2096 ιο
159 2037 262 2122 aiunt,
285 2058 348 2103 ova
366 2059 439 2103 cum
457 2041 647 2124 genuerunt,
668 2038 869 2124 relinquunt3
891 2037 987 2104 facile
1010 2038 1096 2104 enim
1113 2038 1173 2104 illa

158 2147 246 2211 aqua
280 2128 314 2191 et
345 2125 549 2191 sustinentur
581 2130 614 2191 et
645 2125 750 2192 fetum
780 2126 929 2192 fundunt.
979 2126 1225 2196 Testudines52

158 2217 271 2280 autem
293 2217 328 2279 et
349 2214 529 2280 crocodilos
552 2214 671 2299 dicunt,
694 2236 768 2281 eum
790 2215 826 2280 in
847 2218 937 2280 terra
957 2219 1091 2301 partum
1108 2215 1172 2281 edi·

158 2301 276 2385 derint,
300 2302 435 2369 obruere
453 2324 525 2387 ova,
549 2303 660 2369 deinde
679 2303 855 2388 discedere3
877 2303 926 2369 ita
944 2307 978 2369 et
995 2308 1173 2370 nascuntur

159 2394 194 2456 et
225 2390 444 2457 educantur
432 2413 507 2494 ipsa
537 2414 596 2480 per
627 2413 707 2457 sese.
753 2391 825 2457 Iam
858 2392 1001 2478 gallinae
1033 2413 1173 2478 avesque

21 2504 23 2513 ¹
56 2490 62 2499 '
119 2495 146 2538 ιι
160 2479 307 2564 reliquae
330 2482 364 2544 et
386 2479 532 2566 quietum
553 2480 723 2565 requinmt
708 2480 787 2546 tad
804 2480 995 2566 pariendum
1013 2480 1121 2547 locum
1140 2484 1174 2545 et

159 2567 283 2634 cubilia
305 2567 369 2633 sibi
390 2567 547 2653 nidosque
569 2572 762 2634 construunt
780 2590 899 2653 eosque
918 2590 1016 2653 quarn
1035 2572 1174 2655 possunt

160 2654 366 2722 mollissume
393 2656 617 2741 substernunt,
646 2661 685 2722 ut
712 2679 809 2743 quam
835 2656 1001 2723 facillume
1025 2678 1088 2722 ova
1110 2679 1174 2722 ser·

160 2748 292 2829 ventur3
320 2766 337 2810 e
361 2745 478 2830 quibus
501 2746 609 2830 pullos
631 2768 705 2812 cum
728 2745 988 2830 excuderunt,t
960 2749 1009 2811 a
1031 2749 1174 2830 tuentur

160 2836 198 2898 ut
222 2837 256 2899 et
279 2833 389 2919 pinnis
410 2832 557 2917 foveant,
583 2855 625 2900 ne
646 2833 690 2899 fri
715 2855 770 2901 ore
793 2833 978 2919 laedantur,
1002 2837 1048 2919 et,
1071 2833 1100 2900 si
1123 2838 1174 2900 est

122 2921 253 2988 ”calor
276 2943 296 2986 a
279 2857 396 3006 psole,
418 2943 454 2988 se
477 2925 773 3008 opponantum
689 2855 773 2989 dum
795 2925 905 2988 autem
927 2921 1011 3009 pulli
1028 2921 1174 3008 pinnulis

160 3009 211 3077 uti
233 3013 381 3096 possunt,
403 3013 475 3076 tum
496 3010 588 3076 volat
573 3013 627 3076 tus
650 3032 762 3078 eorum
785 3014 907 3076 matres
925 3016 1174 3096 prosequuntur,

161 3099 290 3184 reliqua
321 3120 398 3165 cura
428 3098 570 3165 liberant
556 3103 618 3165 t.ur
663 3099 798 3167 Accedit
830 3099 871 3166 ad
901 3121 968 3165 nou
994 3100 1161 3166 nullorum
1177 3113 1228 3164 130

161 3187 379 3254 animantium
401 3191 435 3253 et
457 3209 569 3254 earum
590 3210 712 3272 rerum,
740 3209 821 3274 quas
843 3192 934 3254 terra
956 3189 1079 3275 gignit,
1102 3211 1175 3257 con·

162 3275 382 3343 servationem
415 3279 448 3342 et
474 3275 614 3342 salutem
640 3276 810 3343 hominum
838 3276 938 3342 etiam
966 3277 1175 3344 sollertiat
1142 3281 1175 3343 et

124 3363 344 3452 adligantis
388 3362 475 3431 Nam
502 3364 626 3431 multae
654 3368 688 3431 et
713 3365 852 3451 pecudes
880 3368 915 3431 et
942 3365 1061 3452 stirpes
1090 3369 1175 3450 sunt,

165 3474 246 3538 quae
265 3453 335 3519 sina
357 3452 586 3539 procuratione
607 3452 777 3520 hominum
800 3453 910 3520 salvae
929 3476 1000 3519 esse
1018 3476 1085 3520 non
1102 3476 1175 3539 pos·

164 3544 248 3608 sunt
292 3540 432 3629 Magnae
459 3541 560 3608 etiam
588 3540 831 3624 oportunitates
858 3541 900 3608 ad
927 3541 1050 3608 cultum
1072 3541 1175 3606 homi·
