2652 3920
176 186 239 280 160
518 212 837 269 nunrvrnsnora

172 365 244 427 tum
267 359 332 426 nisi
354 380 481 426 summa
502 359 641 425 veritate
662 359 698 424 in
720 361 815 424 tanta
837 358 947 445 gloria
968 381 1035 425 non
1057 358 1182 426 fuisset.

171 448 287 515 Potest
314 451 425 515 autem
453 447 503 514 ris
531 447 592 513 illa
617 450 737 531 terrae,
767 468 850 532 quae
877 451 1021 513 mentem
1042 446 1184 533 Pythiae

172 537 281 603 divino
300 536 422 603 adfiatu
439 536 636 620 concitabat,
650 535 820 601 evanuisse
838 539 1014 620 vetustate,
1031 540 1070 601 ut
1089 558 1184 621 quos-

172 627 248 692 dam
275 626 444 693 evanuisse
471 629 505 691 et
527 624 691 691 exaruisse
714 645 826 690 amnes
849 624 964 690 autin
987 624 1089 690 alium
1112 646 1184 691 cur·

172 737 244 780 sum
267 717 436 781 contortos
459 716 493 779 et
515 712 654 779 deflexos
676 708 833 779 videmus.
869 710 941 797 Sed,
964 716 1002 778 nt
1019 713 1079 798 ris,
1102 713 1184 780 acci·
1210 731 1225 773 a

172 802 269 888 derit3
301 823 423 889 magna
455 801 542 867 enim
573 799 720 886 quaestio
752 804 816 886 est3
848 801 945 866 modo
977 806 1110 867 maneat
1140 801 1185 887 id,

173 890 259 976 quod
285 889 401 977 negari
429 910 496 955 non
522 891 646 975 potest,
674 888 739 954 nisi
766 910 896 955 omnem
918 889 1090 955 historiam
1113 911 1185 976 per·

120 1031 163 1095 20
173 979 377 1063 verterimus,
400 978 514 1043 multis
538 977 652 1044 saeclis
675 999 774 1044 verax
795 976 898 1043 fuisse
920 977 955 1042 id
979 978 1155 1044 oraculum.

120 1109 153 1157 39
239 1065 302 1133 Sed
326 1067 515 1133 omittamus
539 1066 684 1150 oracula,
706 1065 873 1132 veniamus
898 1065 939 1132 ad
962 1066 1097 1133 somnia.
1133 1066 1184 1133 De

174 1156 291 1240 quibus
319 1154 489 1240 disputans
513 1151 715 1238 Chrysippus
742 1154 856 1219 multis
884 1155 1227 1222 etminutissom·1o

173 1244 237 1309 niis
259 1242 452 1331 colligendis
474 1242 555 1309 facit
576 1242 672 1326 idem,
696 1241 781 1328 quod
799 1241 976 1328 Antipater
998 1265 1037 1308 ca
1054 1244 1185 1330 conqui-

173 1354 257 1417 rens,
278 1354 361 1417 quae
379 1331 594 1417 Antiphontis
612 1330 882 1415 interpretatione
901 1330 1064 1417 explicate
1081 1332 1185 1398 decla·

173 1424 248 1487 rant
281 1420 342 1486 illa
373 1420 503 1506 quidem
534 1441 669 1486 acumen
700 1419 902 1505 interpretis,
939 1420 995 1485 sed
1028 1421 1184 1506 exemplis

174 1509 402 1596 grandioribus
425 1508 533 1575 decuit
554 1508 612 1573 uti.
648 1506 799 1592 Dionysii
821 1512 936 1593 mater,
958 1507 1027 1574 eius
1051 1509 1107 1593 qui
1128 1506 1185 1593 Sy·

174 1598 373 1664 racosiorum
395 1601 554 1682 tyrannus
576 1596 649 1679 fuit,
671 1599 709 1662 ut
727 1596 885 1682 scriptum
903 1596 989 1682 apud
1007 1596 1185 1662 Philistum
1199 1616 1228 1657 rs

175 1690 238 1771 est,
270 1689 304 1752 et
331 1686 463 1752 doctum
489 1685 654 1751 hominem
682 1689 715 1750 et
742 1684 932 1772 diligentem
960 1689 994 1751 et
1016 1685 1186 1770 aequalem

173 1779 359 1860 temporum
385 1774 532 1858 illorum
560 1795 633 1839 cnm
659 1794 843 1859 praegnans
871 1774 957 1839 hunc
977 1773 1086 1860 ipsum
1108 1773 1186 1840 Dio·

173 1864 304 1948 nysium
331 1863 407 1929 alvo
430 1861 623 1946 contineret,
653 1861 828 1927 somniavit
850 1882 885 1928 sc
906 1862 1070 1948 peperisse
1093 1860 1186 1948 Saty·

173 1952 302 2018 riscum.
346 1950 433 2018 Huic
459 1949 654 2035 interpretes
681 1953 920 2035 portentorum,
949 1949 1005 2034 qui
1027 1949 1185 2017 Galeotae

173 2043 245 2109 tum
262 2039 298 2105 in
316 2037 708 2122 Sicilianominabantur,
729 2039 975 2123 responderunt,
992 2041 1030 2104 ut
1049 2039 1097 2104 ait
1109 2038 1185 2104 Phi·
1199 2059 1227 2100 so

173 2129 279 2213 listus,
298 2150 381 2211 eum,
399 2148 496 2212 quem
512 2126 573 2191 illa
588 2126 778 2211 peperisset,
796 2125 1014 2192 clarissimum
1030 2124 1185 2194 Graeciae

122 2229 155 2278 co
174 2216 327 2281 diuturna
345 2237 418 2281 cum
435 2214 569 2280 fortuna
585 2214 665 2280 fore.
700 2212 789 2280 Num
807 2217 841 2280 te
859 2214 900 2280 ad
916 2213 1047 2281 fabulas
1067 2237 1184 2283 revoco

173 2305 227 2372 rel
244 2308 433 2369 nostrorum
449 2304 503 2369 rel
517 2302 716 2368 Graecorum
732 2303 925 2389 poetarum?
956 2301 1080 2369 Narrat
1098 2304 1185 2369 enim

176 2397 209 2459 et
232 2391 318 2478 apud
339 2391 483 2458 Ennium
505 2390 651 2457 Vestalis
674 2390 746 2457 illat

218 2480 354 2546 Eccita
389 2503 472 2548 cum
508 2479 690 2546 tremulis
722 2501 815 2545 anus
848 2481 988 2546 attulit
1020 2482 1226 2548 artubusss

953 2568 1095 2654 lumen,

218 2657 338 2724 Talia
381 2661 462 2723 tum
493 2659 693 2741 ⁴memorat
737 2656 948 2723 lacrimans
994 2659 1185 2724 exterrita

951 2767 1096 2812 somno:

220 2833 435 2920 ‘Eurydica
479 2837 692 2920 prognata,
737 2837 849 2919 pater
894 2854 1006 2919 quam
1050 2838 1185 2901 noster

937 2922 1096 3008 amavit,

218 3011 333 3078 Vires
374 3010 534 3094 vitaque
570 3031 709 3096 corpus
745 3031 868 3075 meum
903 3032 1001 3078 nunc
1036 3010 1185 3077 deserit

979 3120 1096 3165 omne.

220 3186 315 3253 Nam
351 3207 408 3252 mc
443 3185 551 3253 risus
587 3186 699 3252 homo
735 3185 897 3271 pulcher
928 3209 1197 3339 perlamoenc·

953 3295 994 3340 sa
1017 3274 1096 3340 icta

219 3362 268 3428 Et
290 3363 397 3448 ripas
420 3366 579 3449 raptare
601 3363 786 3446 locosque
807 3383 943 3445 noros3
966 3362 1024 3428 ita
1046 3363 1132 3430 sola
1199 3381 1226 3422 ιο

219 3451 406 3536 Postilla,
428 3472 612 3538 germana
633 3471 758 3533 soror,
781 3471 911 3516 errare
933 3449 1095 3517 videbar

220 3539 1184 3626 Tardequevestigareetquaereretenequeposse
