2654 3912
299 205 788 273 ARGUMENTUM,L1B.1.'CAP.
810 216 832 262 1.
852 215 867 275 ξ
887 215 963 262 1-3.
1067 206 1128 271 381

123 358 169 404 ter
192 365 329 404 summam
352 347 565 403 similitudinem
588 350 617 402 et
639 348 840 417 aequalitatem
863 365 997 402 summam
1016 339 1132 403 ¹sociata

124 423 184 474 tem
203 418 496 488 coniunctionemque;
515 435 549 474 ex
567 436 622 489 quo
639 418 760 473 efficitur
772 418 895 486 tertium,
914 418 951 473 ad
964 418 1133 489 participan-

125 491 193 545 dum
215 490 303 544 alium
326 489 384 544 alio
408 489 723 558 communicandamque
745 489 820 543 inter
841 506 937 544 omnes
956 489 999 543 ius
1017 506 1068 544 nos
1086 506 1134 543 na·

125 563 190 615 tura
208 577 269 615 esse
288 560 391 629 factos,
415 562 457 629 et,
481 561 556 629 quod
574 560 741 642 quibusdam
759 560 924 615 incredibile
943 559 1068 627 videtur,
1092 562 1135 614 ost

125 634 221 686 autem
243 631 444 701 necessarium,
467 631 510 685 uti
532 631 621 687 nihilo
640 647 701 686 sesa
719 631 810 701 magis
828 630 976 700 quisquam
994 648 1079 714 quam
1096 632 1135 685 al-

125 703 218 757 terum
237 701 341 771 diligat
359 706 431 772 (cap.
452 707 503 771 12).
539 701 582 756 Ex
599 701 643 756 his
662 701 752 756 tribus
766 704 910 771 tamquam
922 701 1072 774 prinerpiis
1086 718 1137 757 sua

127 774 229 843 sponte
253 772 420 843 intellegere
443 789 524 828 nemo
542 789 600 828 non
617 774 714 843 potest
730 772 831 828 natura
847 773 904 841 ius,
927 789 984 828 non
1003 773 1135 898 ofinione

127 847 157 897 et
178 843 284 899 iudicio
303 844 425 898 humano
445 843 583 899 contineri
601 848 672 914 (cap.
693 847 815 912 13-17).
853 844 984 913 Sequitur
1000 844 1058 899 aia
1075 844 1136 898 bre·

127 913 172 968 vis
190 914 361 985 disputatio,
380 931 436 984 qua
454 914 574 970 efficitur
591 913 635 969 ius
655 916 685 969 et
701 931 783 970 omna
800 916 949 970 honestum
967 932 1018 969 sua
1035 917 1136 986 sponte

129 1001 189 1067 esse
208 986 395 1067 expetendum
414 989 487 1056 (cap.
502 991 536 1041 18
550 988 611 1068 sn).
641 984 796 1057 Conclusio
807 985 873 1041 libri
887 989 935 1068 ‚est
952 986 988 1068 de
1006 986 1136 1041 laudibus

127 1055 1137 1208 {litantiiltltltffiltntitlutftliiltullii

128 1197 221 1252 verbra
240 1213 324 1266 quam
342 1197 377 1253 de
395 1199 486 1253 rebus.

194 1414 344 1497 Arruns
374 1410 480 1480 Lusus
513 1413 642 1498 quidem
672 1413 730 1478 illa
763 1412 902 1479 ethaeo
929 1376 1170 1503 Arpinatium}

129 1522 266 1587 quereus
294 1501 483 1586 agnoscitur
506 1523 602 1588 saepe
625 1524 646 1567 a
668 1523 720 1566 me
743 1501 846 1566 leetns
869 1501 903 1566 in
926 1500 1058 1568 Mario.
1103 1501 1138 1568 Si

129 1593 239 1655 manet
255 1589 316 1654 illa
335 1610 480 1673 quereus,
502 1590 583 1656 haee
601 1593 652 1656 est
670 1588 830 1676 profect03
853 1590 972 1654 etenim
992 1594 1042 1656 est
1061 1613 1157 1658 sane-

129 1677 231 1745 vetus·
274 1677 413 1757 (lusurus.
440 1677 552 1744 Manet
574 1700 661 1764 vero,
684 1678 794 1744 Attice
816 1682 936 1763 noster,
959 1681 993 1745 et
1011 1701 1139 1765 semper

92 1783 104 1822 ⁵
132 1766 291 1849 manebit3
314 1770 387 1832 sata
410 1772 460 1832 est
483 1767 569 1832 enim
591 1766 732 1854 ingenio.
767 1765 899 1832 Nullius
922 1771 1031 1833 autem
1055 1768 1140 1856 agri·

131 1857 220 1922 colae
250 1855 340 1921 cultu
369 1855 469 1941 stirps
496 1860 565 1922 tam
594 1856 748 1921 diuturna
774 1878 872 1940 quam
899 1859 1016 1941 politae
1043 1879 1139 1923 versu

130 1943 284 2010 seminari
306 1946 425 2029 potest.
461 1945 538 2011 Arr.
560 1942 630 2020 Quo
653 1945 784 2009 tandem
804 1944 909 2029 modo,
933 1943 1060 2030 Quinte,
1083 1950 1140 2011 aut

131 2033 226 2117 quale
249 2035 301 2096 est
321 2031 415 2117 istuc,
437 2032 524 2116 quod
546 2036 662 2118 politae
685 2033 818 2098 serunt?
841 2033 923 2098 mihi
946 2034 1032 2099 enim
1054 2034 1140 2100 vida

87 2142 89 2149 ·
131 2122 177 2186 ris
199 2121 336 2186 fratrem
359 2120 520 2187 laudando
544 2121 719 2208 suffragari
741 2120 812 2186 tibi.
850 2122 884 2202 Q.
908 2119 958 2187 Sit
981 2122 1030 2188 iia
1047 2144 1140 2208 sane3

93 2226 118 2264 1⁰
130 2232 243 2275 verum
260 2212 380 2293 tamen,
403 2209 480 2275 dum
493 2208 630 2275 Latinae
648 2211 822 2294 loquentur
840 2210 979 2296 litterae,
1003 2233 1139 2295 quereus

130 2298 205 2364 huie
228 2298 300 2364 loeo
323 2319 389 2363 non
412 2298 523 2383 deerit,
547 2320 628 2383 quae
646 2297 795 2364 Mariana
812 2298 947 2385 dicatur,
970 2321 1080 2386 eaque,
1103 2303 1140 2367 ut

71 2400 99 2491 ’,Δ
132 2387 179 2452 ait
201 2384 357 2452 Scaevola
380 2386 418 2451 de
440 2386 553 2452 fratris
577 2386 642 2452 mei
663 2386 778 2472 Mario,

177 2490 366 2557 Caneseet
389 2492 533 2558 saeclis
555 2491 924 2578 innumerabilibus3

130 2596 195 2661 nisi
223 2596 309 2662 forte
332 2595 482 2663 Athenae
509 2600 585 2663 tuae
614 2598 845 2683 sempiternam
872 2598 907 2663 in
934 2620 1006 2665 aree
1034 2601 1176 2666 oleama

94 2701 119 2742 ιε
132 2689 241 2750 tenere
264 2688 450 2769 potuerunt,
473 2690 538 2770 aut,
562 2686 648 2772 quod
670 2685 862 2753 Homericus
880 2685 994 2752 Ulixes
1012 2687 1088 2754 Deli
1107 2711 1141 2755 se

133 2794 301 2857 proceram
320 2777 354 2837 et
371 2777 518 2839 teneram
536 2776 682 2859 palmam
699 2774 819 2840 vidisse
833 2774 924 2860 dixit,
942 2774 1038 2841 hodie
1052 2799 1142 2843 mon·

133 2865 240 2927 strant
258 2861 406 2945 eandem3
424 2863 592 2947 multaque
611 2864 676 2929 alia
694 2863 807 2928 multis
827 2863 907 2929 loeis
922 2864 1043 2929 diutius
1057 2887 1142 2931 eom-

133 2950 366 3015 memoratione
398 2955 531 3015 manent
563 2973 660 3036 quam
691 2955 811 3017 natura
842 2955 929 3018 stare
956 2957 1141 3037 potuerunt.

133 3037 238 3113 Quare
258 3038 512 3124 ‘glandifera'
531 3039 591 3105 illa
609 3062 754 3125 quereus,
773 3062 812 3104 ex
826 3061 891 3125 qua
905 3041 984 3107 olim
998 3042 1143 3109 evolavit

94 3161 119 3201 ao
177 3142 325 3209 Nuntia
346 3143 456 3210 fulva
477 3143 584 3211 Iovis
607 3146 781 3211 miranda
803 3146 887 3212 visa
908 3147 1053 3234 figura,

13 3313 18 3321 ,
132 3271 217 3315 nune
246 3249 290 3313 sit
319 3249 407 3316 haee.
453 3246 516 3315 Sed
538 3273 635 3336 quom
659 3273 731 3316 eam
753 3255 931 3337 tempestas
954 3257 1142 3321 vetustasve

133 3337 384 3422 eonsumpsorit‚
411 3341 523 3404 tamen
545 3339 608 3403 erit
629 3339 682 3404 his
704 3340 739 3405 in
762 3341 842 3405 loeis
866 3363 1014 3426 quereus,
1043 3364 1140 3427 quam

131 3425 313 3491 Marianam
333 3447 487 3510 quereum
504 3428 676 3493 vocabunt.
707 3429 784 3494 Ara
806 3427 882 3494 Non
898 3429 1012 3495 dubito
1026 3430 1060 3495 id
1074 3432 1142 3514 qui·
1160 3444 1176 3493 3

134 3514 220 3598 dem;
242 3514 299 3579 sed
322 3514 402 3580 haec
424 3515 491 3580 iam
513 3537 576 3581 nou
598 3537 637 3581 ex
660 3520 702 3601 te,
725 3514 853 3602 Quinte,
876 3539 1005 3602 quaero,
1028 3541 1140 3585 verum
