2654 3924
187 198 253 261 314
540 195 590 250 DE
608 195 657 250 RE
675 195 832 250 PUBLlCA

186 342 326 408 Romam
344 340 483 408 Curibus
502 341 627 407 accivit.
664 340 726 416 Qui
744 346 782 406 ut
799 340 863 407 huc
880 341 980 425 venit,
999 363 1209 427 quamquam

186 431 327 516 populus
359 430 492 496 curiatis
525 452 598 495 eum
630 429 772 495 comitiis
804 449 916 516 regem
948 450 1019 495 esse
1047 429 1208 514 iusserat,

121 536 125 540 ’
186 524 297 585 tamen
318 518 389 603 ipse
413 518 452 583 de
475 539 534 583 suo
556 517 694 603 imperio
717 518 876 584 curiatam
899 519 1007 605 legem
1028 517 1116 602 tulit,
1141 517 1207 584 ho·

187 608 353 692 minesque
371 607 538 672 Romanos
556 606 709 672 instituto
727 605 861 672 Romuli
878 606 1006 672 bellicis
1024 606 1143 674 studiis
1161 611 1207 671 ut

186 696 270 760 vidit
301 697 463 779 incensos,
493 694 693 760 existimavit
723 717 778 760 eos
805 695 940 780 paulum
969 696 1009 761 ab
1037 696 1097 761 illa
1124 713 1237 761 con-⁵

188 784 356 849 suetudine
380 805 450 849 esse
473 784 679 849 revocandos.

134 845 177 972 ἐξ
253 872 303 938 Ac
334 873 476 957 primum
503 893 614 959 agros,
647 893 728 956 quos
754 872 843 938 bello
871 872 1030 938 Romulus
1058 877 1204 958 ceperat,

187 989 214 1041 p.
233 962 283 1042 8⁷]
307 960 419 1025 divisit
444 960 568 1026 viritim
595 960 719 1026 civibus
739 960 745 1045 Ι
765 960 938 1047 docuitque
965 961 1034 1027 sine
1058 961 1204 1047 depopu-

187 1050 310 1114 latione
338 1053 435 1134 atque
462 1048 583 1134 praeda
609 1070 705 1134 posse
733 1071 788 1114 eos
815 1049 958 1116 colendis
986 1049 1075 1136 agris
1098 1050 1205 1115 abun·

188 1138 264 1203 dare
292 1137 469 1203 commodis
493 1138 643 1202 omnibus
667 1159 874 1223 amoremque
898 1138 944 1203 eis
968 1138 1027 1203 otii
1051 1142 1084 1203 et
1106 1139 1202 1223 pacis
1220 1158 1249 1197 10

187 1226 311 1310 iniecit,
341 1226 459 1310 quibus
488 1225 644 1291 facillime
673 1226 801 1291 iustitia
828 1229 862 1291 et
887 1226 968 1291 fides
991 1227 1203 1312 convalescit,

188 1318 221 1379 et
253 1336 391 1400 quorum
423 1315 605 1400 patrocinio
638 1315 777 1380 maxime
809 1316 916 1381 cultus
946 1336 1101 1401 agrorum
1127 1337 1203 1401 per-

188 1402 358 1488 ceptioque
384 1403 516 1489 frugum
544 1403 734 1468 defenditur.
778 1403 932 1488 Idemque
955 1402 1137 1488 Pompilius
1166 1408 1202 1469 et

188 1492 340 1577 auspiciis
370 1492 547 1557 maioribus
579 1492 720 1556 inventis
753 1491 794 1556 ad
821 1492 996 1577 pristinum
1026 1515 1201 1558 numerum
1303 1556 1304 1559 ,

89 1644 127 1681 ω
188 1580 251 1645 duo
285 1601 424 1666 augures
456 1579 580 1644 addidit
610 1584 643 1645 et
674 1580 775 1646 sacris
807 1602 824 1645 e
851 1580 1034 1665 principum
1061 1603 1199 1647 numero
1217 1599 1246 1638 1⁵

42 1712 58 1739 r«
169 1697 215 1748 p.
233 1671 282 1751 88]
310 1669 480 1753 pontifices
505 1664 656 1754 quinique
685 1668 841 1753 praefecit
869 1672 902 1733 et
929 1669 1054 1734 animos
1082 1692 1201 1755 propo·
1303 1716 1304 1747 3

188 1756 261 1822 sitis
288 1758 416 1843 legibus
444 1757 510 1841 his,
533 1778 614 1841 quas
641 1757 676 1821 in
702 1758 920 1823 monumentis
950 1757 1121 1843 habemus,
1149 1781 1200 1824 ar·
1303 1758 1304 1807 l

41 1782 82 1825 ᾗ,
110 1789 118 1805 a

48 1820 118 1853 Nux*

26 1838 68 1931 gt
106 1914 113 1923 ,
144 1746 293 1961 scientis
319 1846 550 1911 consuetudine
577 1850 610 1910 et
635 1845 812 1931 cupiditate
835 1845 980 1910 bellandi
1001 1846 1199 1932 religionum

40 1928 60 1996 ἒξ
93 1946 152 2027 »23
189 1934 393 2000 caerimoniis
421 1934 586 2021 mitigavit
613 1934 822 2018 adiunxitque
849 1938 1018 2019 practerea
1041 1935 1199 2021 flamines,
1303 1918 1304 2001 i

106 2030 142 2099 al·
189 2021 294 2088 Salios
317 2023 524 2108 virginesque
538 2022 689 2088 Vestales
712 2023 881 2107 omnisque
903 2023 1008 2108 partis
1028 2024 1198 2108 religionis
1213 2044 1242 2083 20
1303 2008 1304 2095 Ῐ

125 2108 168 2174 Ι’27
189 2111 306 2177 statuit
329 2112 540 2176 sanctissime.
561 2090 748 2205 (Sacrorum
772 2115 881 2176 autem
898 2112 1044 2196 ipsorum
1063 2112 1198 2200 diligen-

189 2200 271 2265 tiam
289 2199 463 2283 difficilem,
482 2203 675 2285 apparatum
693 2199 881 2284 perfacilem
900 2222 970 2266 esse
983 2201 1102 2286 voluit3
1119 2224 1197 2268 nam

188 2316 215 2368 p.
239 2290 288 2370 aa]
321 2310 403 2373 quae
430 2288 639 2373 perdiscenda
667 2309 812 2372 quaeque
840 2288 1043 2354 observanda
1070 2288 1197 2378 eslsent,

189 2377 294 2442 multa
311 2377 490 2459 constituit,
513 2376 569 2440 sed
588 2398 626 2440 ea
645 2375 714 2440 sine
731 2376 876 2461 inpensa.
911 2375 964 2443 Sic
981 2378 1196 2464 religionibus

189 2466 332 2531 colendis
364 2487 496 2550 operam
525 2464 661 2549 addidit,
694 2469 837 2530 sumtum
864 2466 1016 2552 removit,
1047 2467 1196 2553 idemque
1210 2485 1239 2528 ss

190 2559 360 2639 mercatus,
383 2554 476 2618 ludos
500 2575 674 2637 omnesque
697 2553 910 2618 conveniundi
932 2576 1047 2621 causas
1066 2560 1099 2620 et
1117 2557 1196 2623 cele·

189 2643 327 2710 britates
354 2642 487 2707 invenit.
534 2640 657 2717 Quibus
684 2642 781 2707 rebus
804 2643 965 2708 institutis
988 2643 1030 2724 ad
1051 2644 1196 2724 humani·

165 2723 417 2814 Quo
445 2731 726 2795 mansuetudinem
752 2731 918 2796 revocavit
945 2733 1072 2798 animos
1119 2755 1197 2800 om1·

189 2844 267 2886 num
294 2820 411 2885 studiis
434 2818 578 2884 bellandi
599 2818 666 2883 iam
689 2819 839 2884 immanis
863 2842 901 2885 ac
923 2819 1018 2886 feros.
1064 2819 1117 2888 sic
1139 2822 1195 2888 ille

188 2938 216 2990 p.
236 2911 284 2991 to]
312 2930 385 2973 cum
417 2907 719 2993 undequadraginta
751 2930 853 2973 annos
886 2907 1021 2996 sumlma
1050 2909 1087 2975 in
1117 2927 1237 2996 pace³⁰

189 2997 422 3081 concordiaque
444 2996 648 3083 regnavisset
671 2993 859 3081 (sequamur
882 2997 967 3062 enim
989 2998 1194 3083 potissimum

188 3086 362 3171 Polybium
384 3089 543 3168 nostrum,
566 3106 629 3169 quo
647 3106 743 3150 nemo
761 3084 825 3149 fuit
842 3085 877 3149 in
895 3086 1098 3170 exquirendis
1117 3092 1195 3153 tem·

187 3175 323 3255 poribus
351 3172 566 3260 diligentior),
595 3175 734 3238 excessit
761 3196 778 3239 e
807 3173 876 3239 vita
903 3174 1027 3239 duabus
1054 3177 1195 3261 praeola-

192 3263 328 3327 rissimis
361 3263 401 3326 ad
434 3262 681 3327 diuturnitatem
709 3262 757 3326 rei
783 3263 933 3347 publicae
959 3264 1056 3329 rebus
1084 3265 1195 3345 confir·

139 3302 297 3433 balatis,
319 3349 479 3436 religione
502 3354 600 3434 atque
623 3349 802 3415 clementia.
1206 3369 1234 3412 as

138 3408 181 3531 ἐξ)
206 3470 210 3479 ·
257 3436 345 3513 Quae
368 3460 442 3503 cum
460 3434 567 3522 Scipio
587 3437 730 3521 dixisset,
751 3437 886 3523 Verane,
908 3440 1016 3524 inquit
1033 3440 1194 3527 Manilius,

190 3524 252 3590 hoc
278 3526 453 3591 memoriae
480 3527 646 3611 proditum
674 3530 738 3611 est,
766 3525 934 3610 Africane,
962 3548 1073 3614 regem
1095 3531 1192 3595 istum
