2652 3908
199 211 242 276 58
509 209 559 265 DE
577 209 729 265 NATURA
747 209 903 264 DEORUM

194 354 305 422 omnis
329 353 441 440 oritur,
463 353 493 419 is
517 357 628 420 autem
651 353 747 420 ardor
768 375 836 420 non
858 354 964 420 alieno
987 353 1130 440 inpulsu,
1157 353 1219 420 sed

199 465 259 509 sua
285 447 402 528 sponte
430 447 591 527 movetur,
620 443 746 509 animus
769 442 814 508 sit
835 464 965 508 necesse
995 446 1059 527 est3
1082 465 1123 507 ex
1147 464 1218 528 quo

199 531 339 597 officitur
362 531 562 597 animantem
580 552 651 596 esse
669 531 833 596 mundum.
866 530 976 615 Atque
994 553 1034 596 ex
1051 531 1116 596 hoe
1134 553 1220 615 quo·

200 642 262 706 que
284 619 433 706 intellegi
455 619 578 705 poterit
596 618 632 684 in
650 640 688 685 eo
705 619 812 685 inesse
829 618 1100 707 intellegentiam,
1124 618 1220 704 quod

199 711 287 775 certe
310 711 361 774 est
383 708 521 773 mundus
543 707 659 774 melior
683 730 781 793 quam
802 709 873 774 ulla
893 711 1020 774 natura.
1057 706 1105 773 Ut
1124 707 1220 772 onim
1245 726 1257 766 1

198 796 291 863 nulla
313 819 390 882 pars
414 800 465 862 est
487 795 634 881 corporis
656 796 775 881 nostri,
802 818 885 882 quae
907 817 974 862 non
995 795 1133 862 minoris
1161 796 1220 881 sit,

200 907 298 971 quam
333 888 464 950 nosmet
497 884 563 970 ipsi
598 905 723 969 sumne,
760 883 807 951 sic
837 884 993 951 mundum
1022 884 1219 950 universum

198 973 303 1060 pluris
326 994 397 1039 esse
414 994 545 1039 necesse
564 976 615 1038 est
632 995 730 1057 quam
747 976 877 1058 partem
895 973 1040 1058 aliquam
1057 973 1218 1039 universi

199 1060 293 1138 Quod
316 1061 489 1146 1111111111,-
510 1060 639 1147 sapiens
658 1062 703 1127 sit
721 1061 860 1127 mundus
877 1083 1008 1127 necesse
1027 1064 1086 1127 est.
1122 1059 1217 1127 Nam

197 1150 234 1217 ni
255 1150 304 1215 ita
331 1153 429 1234 esset,
452 1149 627 1234 hominem,
650 1148 707 1235 qui
729 1153 780 1215 est
804 1150 916 1215 mundi
942 1171 1033 1239 pars,
1056 1149 1218 1235 quoniam
1232 1169 1255 1209 11

198 1237 337 1304 rationis
376 1241 426 1304 est
458 1238 636 1324 particeps,
673 1237 778 1324 pluris
815 1260 885 1305 esse
921 1258 1020 1322 quam
1052 1238 1216 1304 mundum

146 1339 180 1390 83
199 1348 329 1393 omnem
356 1329 530 1412 oporteret.
575 1326 684 1410 Atque
707 1325 820 1411 otiam,
849 1326 879 1393 si
900 1348 921 1392 a
942 1325 1058 1412 primis
1079 1326 1216 1393 inchoa-

198 1416 307 1500 tisque
333 1414 460 1482 naturis
489 1414 530 1481 ad
556 1414 690 1480 ultimas
715 1415 941 1501 perfectasque
962 1415 1114 1481 volumus
1137 1438 1215 1501 pro·

198 1504 323 1589 cedere,
351 1503 393 1570 ad
415 1503 548 1568 deorum
574 1506 726 1569 naturam
748 1502 975 1588 perveniamus
996 1525 1128 1569 neeesse
1151 1507 1215 1570 est

197 1591 345 1659 Primum
372 1592 459 1658 enim
486 1591 775 1658 animadvertimus
803 1597 964 1658 enatura
985 1591 1140 1657 sustineri
1165 1614 1214 1676 ea,
1229 1609 1253 1650 1⁶

199 1703 281 1766 quae
311 1680 490 1768 gignantur
520 1702 537 1745 e
565 1683 667 1763 terra,
697 1680 815 1765 quibus
842 1686 961 1746 natura
987 1679 1070 1744 nihil
1092 1679 1215 1746 tribuit

199 1769 352 1854 amplius,
382 1792 480 1854 quam
502 1771 540 1834 ut
562 1789 601 1833 ea
623 1768 739 1834 alendo
763 1771 861 1853 atque
883 1768 1032 1854 augendo
1054 1770 1213 1834 tueretur.

145 1869 181 1920 14
198 1856 320 1923 Bestiis
348 1862 458 1924 autem
486 1878 616 1922 sensum
644 1860 678 1921 et
703 1859 830 1923 motum
857 1856 946 1922 dedit
972 1860 1006 1924 et
1032 1878 1106 1923 cum
1134 1879 1213 1942 quo

199 1947 275 2012 dam
302 1946 449 2032 adpetitu
472 1966 638 2012 accessum
661 1945 777 2011 adres
800 1945 975 2028 salutares,
1003 1967 1024 2011 a
1045 1945 1212 2032 pestiferis

198 2056 375 2119 recessum3
397 2034 459 2099 hoc
477 2033 602 2099 homini
620 2033 771 2118 amplius,
791 2034 878 2119 quod
896 2033 1021 2099 addidit
1038 2034 1210 2119 rationem,
1224 2053 1250 2093 ro

199 2145 264 2209 qua
290 2125 481 2209 regerentur
504 2121 605 2187 animi
628 2144 647 2187 a
692 2121 806 2205 etitus‚
835 2120 891 2207 qui
912 2125 986 2188 tum
1007 2122 1211 2188 remitteren-

16 2260 17 2263 ,
148 2213 261 2295 l3tur,
284 2214 356 2276 tum
378 2210 621 2297 continerentur
694 2213 807 2276 uarius
831 2213 941 2277 autem
963 2210 1084 2312 gradis
1104 2214 1155 2276 est
1176 2214 1211 2276 et

181 2292 381 2366 (altissimus
411 2296 536 2383 eorum,
566 2298 623 2383 qui
651 2301 771 2364 natura
799 2298 878 2365 boni
908 2303 1136 2385 saprentesque
1163 2298 1210 2386 gi·

16 2454 17 2457 ,
199 2391 358 2474 guantur,
395 2387 513 2472 quibus
549 2409 570 2452 a
598 2386 759 2473 principio
790 2385 971 2453 innascitur
1001 2387 1088 2453 ratio
1120 2390 1210 2454 recta

16 2490 17 2493 ’
136 2542 140 2547 ,
178 2481 425 2560 constansque,
448 2497 531 2560 quae
553 2497 653 2561 supra
670 2474 837 2541 hominem
852 2474 999 2561 putanda
1017 2475 1208 2561 estdeoqne
1221 2493 1245 2535 11

16 2612 17 2617 1
173 2594 177 2651 3
199 2564 381 2649 tribuenda,
402 2563 437 2629 id
460 2567 510 2630 est
528 2563 656 2647 mundo,
678 2563 714 2629 in
733 2586 796 2648 quo
814 2585 945 2630 necesso
963 2567 1014 2629 est
1031 2563 1207 2650 perfectam

16 2652 17 2733 Ξ
101 2667 164 2755 χε
200 2654 294 2718 illam
317 2653 419 2737 atque
438 2650 624 2719 absolutam
645 2651 751 2717 inesse
773 2652 943 2718 rationem.
987 2650 1103 2738 Neque
1123 2654 1208 2718 enim

16 2770 17 2819 1
234 2743 275 2807 11
285 2744 396 2827 potest
417 2741 453 2807 in
474 2741 544 2806 ulla
561 2762 670 2806 rerum
687 2739 894 2806 institutione
911 2762 979 2806 non
997 2761 1068 2806 esse
1086 2741 1207 2826 aliquid

16 2876 18 2935 7
200 2833 381 2895 extremum
409 2834 507 2914 atque
533 2828 723 2915 perfectum.
767 2827 815 2894 Ut
838 2828 924 2893 enim
946 2827 981 2894 in
1003 2828 1083 2915 vite,
1115 2829 1207 2895 utin

16 2938 17 2991 ἕ
198 2919 332 3005 pecude,
359 2917 425 2982 nisi
452 2939 533 3002 quae
560 2917 610 2984 vis
633 2916 777 3002 obstitit,
805 2916 951 2983 videmus
973 2921 1127 2984 naturam
1149 2935 1242 2984 suou

16 3010 17 3053 1
201 3007 341 3091 quodam
359 3007 475 3072 itinere
494 3007 535 3072 ad
552 3005 705 3071 ultimum
723 3005 901 3091 pervenire,
920 3008 1017 3090 atque
1030 3009 1069 3072 111
1082 3006 1206 3091 pictura
1308 3000 1309 3063 ἶ

200 3099 233 3160 11
260 3095 386 3161 fabrica
412 3099 602 3178 ceteraeque
624 3097 713 3160 artes
735 3093 860 3159 habent
882 3094 1043 3179 quendam
1066 3094 1205 3161 absoluti
1308 3092 1309 3155 T

200 3184 307 3269 operis
336 3184 498 3268 effectum,
526 3182 630 3248 sicin
653 3180 742 3249 omni
763 3186 895 3266 natura,
922 3205 960 3250 ac
982 3183 1087 3251 multo
1110 3183 1204 3250 etiam
1308 3264 1309 3267 Ἴ

201 3272 316 3359 magis,
337 3294 469 3339 necesse
491 3275 543 3337 est
565 3270 693 3337 absolvi
716 3271 840 3355 aliquid
863 3293 900 3336 ao
922 3271 1042 3357 perfici
1077 3271 1204 3339 Etenim
1308 3308 1309 3311 ¹

200 3361 315 3427 ceteris
338 3361 465 3427 naturis
489 3359 595 3426 multa
617 3362 759 3444 externa,
782 3380 846 3446 quo
865 3358 972 3425 minus
990 3359 1202 3446 perficiantur,
1215 3377 1239 3419 ³⁵

16 3520 17 3525 γ
198 3453 336 3536 possunt
355 3450 523 3533 obsistere,
546 3446 732 3512 universam
750 3450 860 3513 autem
876 3450 1029 3513 naturam
1047 3449 1140 3515 nulla
1155 3470 1202 3515 res

16 3530 18 3559 ¹
198 3542 309 3624 potest
336 3537 505 3624 impedire,
536 3538 710 3621 propterea
737 3535 823 3625 qnod
851 3535 956 3602 omnis
979 3541 1114 3603 naturas
1135 3536 1203 3623 ipsa
