2654 3912
410 178 480 234 mn,
498 179 519 233 1.
540 180 608 236 cnP
634 187 731 235 s-rr.
750 186 766 248 s
783 186 899 235 ss-ar.
1096 177 1159 244 391

146 382 148 387 .
219 324 297 390 nar.
318 323 363 390 nr
384 323 584 407 inmortales,
607 346 705 409 quam
727 294 1217 420 solongeiurisprinoipia122

154 412 289 498 repetisl
313 417 411 497 atque
433 412 490 497 ita,
512 415 550 478 ut
573 433 634 500 ego
656 434 724 478 non
745 413 842 478 modo
865 411 907 478 ad
928 412 988 477 illa
1004 433 1072 477 non
1089 433 1162 497 pro·

153 523 273 586 perem,
297 522 379 585 quae
401 501 613 586 expectabam
636 504 707 567 ate
727 501 767 567 de
784 501 855 567 iure
872 500 970 585 civili,
992 500 1049 566 sed
1066 499 1162 565 facile

154 589 263 675 patiar
288 593 323 655 te
349 589 436 655 hunc
463 589 548 656 diem
571 590 624 656 vel
645 592 754 655 totum
774 589 811 654 in
831 589 897 655 isto
919 610 1067 654 sermone
1090 610 1163 654 oon·

126 696 295 763 asumere3
322 682 398 744 sunt
421 677 508 743 enim
529 677 610 745 haec
633 678 771 763 maiora,
798 700 881 764 quae
904 677 1043 744 aliorum
1064 697 1164 744 causa

153 766 295 832 fortasse
327 765 553 852 conplecteris,
585 788 683 851 quam
714 766 787 853 ipsa
813 767 885 852 illa,
918 787 1056 852 quorum
1082 766 1164 832 baec

154 877 253 922 causa
284 859 529 941 praeparantur.
573 855 621 921 M.
648 852 732 921 Sunt
762 855 843 921 haec
874 854 1005 941 quidem
1034 875 1164 941 magus,

156 966 238 1029 quaa
260 965 345 1010 nuno
368 944 511 1009 breviter
534 943 751 1030 attingrmtur,
773 944 830 1010 sed
852 944 1007 1030 omnium,
1029 965 1112 1028 quae
1130 942 1165 1007 in

154 1031 323 1098 hominum
350 1031 518 1098 doctorum
546 1032 766 1118 disputatione
793 1037 978 1117 versantur,
1003 1031 1087 1098 nihil
1114 1034 1165 1097 est

115 1141 142 1181 ro
155 1121 302 1207 profecto
333 1120 564 1207 praestabilius
597 1143 694 1206 quarn
725 1121 823 1208 plane
854 1121 1004 1208 intellegi
1032 1142 1093 1187 nos
1123 1118 1165 1186 sd

154 1209 315 1275 iustitiam
338 1230 409 1275 esse
430 1213 540 1293 natos,
562 1231 666 1294 neque
689 1209 851 1296 opinions,
872 1209 929 1275 sed
951 1213 1070 1277 natura
1091 1230 1181 1275 con·-

156 1298 309 1381 stitutum
331 1319 401 1364 esse
424 1297 484 1364 ius.
524 1296 563 1363 Id
584 1298 650 1364 iam
672 1298 814 1383 patebit,
836 1299 865 1365 si
887 1299 1056 1365 hominum
1078 1298 1165 1363 inter

154 1387 245 1472 ipsos
268 1387 459 1452 societatem
481 1386 804 1475 coniurationemque
825 1387 1037 1473 perspexeris
1070 1385 1164 1452 Nihil
1182 1401 1217 1452 ss

156 1478 206 1540 est
229 1475 315 1541 enim
337 1498 438 1541 unum
455 1477 513 1541 uni
531 1478 601 1541 tam
618 1475 734 1560 simile,
756 1480 825 1542 tam
842 1498 913 1562 par,
935 1497 1034 1561 quam
1052 1496 1164 1568 omnes
1295 1541 1298 1547 ,

116 1581 143 1624 rs
156 1563 242 1629 inter
264 1568 392 1630 nosmet
413 1564 504 1649 ipsos
527 1585 647 1630 sumus.
683 1562 806 1640 Quodsi
826 1563 1016 1651 depravatio
1034 1578 1165 1629 consue-

156 1652 315 1737 tudinum,
338 1653 367 1717 si
389 1652 579 1738 opinionum
601 1652 729 1719 vanitas
747 1674 815 1719 non
831 1652 1080 1719 inbecillitatem
1098 1650 1165 1717 ani·

157 1763 285 1807 morum
315 1744 483 1826 torqueret
514 1744 548 1806 et
576 1741 734 1825 flecteret,
766 1763 968 1827 quocumque
994 1740 1165 1826 coepisset,

158 1828 209 1894 sui
236 1829 425 1914 nemoipse
447 1833 516 1894 tam
539 1829 655 1895 similis
678 1833 778 1914 esset,
800 1850 898 1916 quam
921 1851 1033 1896 omnes
1057 1834 1166 1894 essent

158 1918 312 1984 omnium.
356 1915 485 2003 Itaque,
518 1938 737 2003 quaecumque
764 1922 815 1984 est
841 1917 983 1985 hominis
1010 1909 1234 2007 definitrbffi

23 2031 26 2037 ·
116 2026 144 2067 ro
158 2029 223 2072 uns
244 2005 280 2071 in
303 2006 408 2072 omnis
430 2006 533 2090 valet3
556 2006 642 2092 quod
664 2007 850 2094 argumenti
872 2006 954 2073 satis
971 2010 1024 2072 est
1038 2006 1165 2071 nullam
1183 2020 1218 2071 so

158 2094 454 2160 dissimilitudinem
483 2116 554 2160 esse
583 2094 619 2160 in
646 2116 776 2181 gener03
807 2118 890 2182 quae
917 2094 947 2161 si
973 2098 1073 2179 esset,
1098 2114 1166 2160 non

157 2206 223 2250 nna
259 2182 365 2250 omnis
401 2183 546 2250 definitio
577 2185 778 2269 contineret,
813 2184 934 2252 etenim
965 2183 1065 2267 ratio,
1101 2204 1165 2268 qua
1206 2241 1208 2250 .

157 2294 223 2338 una
244 2274 449 2359 praestamus
471 2271 586 2356 beluis,
608 2294 666 2358 per
689 2295 787 2358 quarn
807 2273 993 2341 coniectura
1010 2272 1165 2356 valemus,

158 2365 437 2448 argumentemur,
458 2359 652 2445 refellimus,
674 2361 875 2446 disserimus,
897 2361 1084 2428 conficimus
1108 2361 1165 2426 ali·

117 2468 144 2510 ss
159 2449 245 2535 quid,
267 2449 497 2534 concludimus,
519 2453 606 2516 certe
628 2453 679 2515 est
700 2450 890 2534 communis,
912 2449 1060 2517 doctrina
1077 2449 1165 2515 diffe

157 2560 242 2623 rens,
264 2537 408 2605 discermi
430 2538 559 2623 quidem
581 2537 737 2604 facultate
755 2560 825 2624 par.
860 2536 947 2604 Nam
965 2541 999 2604 et
1017 2539 1166 2603 sensibus

159 2627 271 2694 eadem
298 2626 408 2693 omnia
434 2625 751 2713 conprehenduntur,
782 2629 816 2692 et
842 2647 894 2711 ea,
923 2647 1006 2712 quse
1033 2628 1167 2691 movent

158 2737 282 2799 sensns,
303 2714 418 2781 itidem
440 2719 574 2781 movent
591 2714 745 2798 omnium,
768 2734 913 2800 quaeque
930 2714 966 2779 in
984 2714 1102 2780 animis
1119 2713 1167 2779 in·

157 2804 357 2891 primnntur,
379 2803 419 2869 de
441 2803 560 2889 quibus
582 2806 659 2869 ante
682 2802 761 2887 dixi,
783 2803 954 2873 inchoatae
976 2802 1167 2889 intellegen·
1191 2869 1204 2886 Ι

114 2910 146 2953 so
157 2893 238 2977 tiae,
267 2891 419 2958 similiter
444 2890 481 2958 in
507 2891 657 2958 omnibus
682 2891 914 2978 inprimuntur,
941 2890 1166 2977 interpresque

158 2980 277 3048 mentis
310 2980 415 3047 oratio
446 2980 555 3047 verbis
584 2980 747 3066 discrepat
774 2979 944 3046 sententiis
967 3001 1167 3067 congruens3

157 3092 217 3137 nec
239 3074 290 3136 est
311 3069 484 3155 qnisquam
506 3068 615 3156 gentis
635 3068 750 3153 ullius,
773 3068 829 3154 qni
851 3069 965 3136 ducem
986 3072 1102 3135 nactus
1125 3067 1166 3135 ad

157 3160 314 3225 mutem
334 3158 504 3245 pervenire
525 3179 592 3224 non
613 3158 746 3243 possit·
984 3204 987 3213 ·

224 3246 294 3315 Nec
312 3247 423 3329 ,solum
445 3246 609 3331 innectis,
631 3246 689 3323 sed
711 3247 812 3314 etiam
828 3246 865 3313 in
904 3246 1101 3317 raritatibus
1119 3228 1217 3354 inffi

118 3353 145 3396 ὅ
158 3336 262 3424 signis
284 3340 335 3403 est
357 3335 492 3403 humani
514 3335 642 3423 generis
665 3334 853 3402 similitudo.
922 3358 976 3402 am
998 3338 1032 3401 et
1053 3335 1166 3421 volup·

58 3455 60 3459 ’
157 3430 227 3493 tate
254 3425 425 3512 capiuntur
452 3444 579 3510 omnes,
608 3446 691 3510 quae
719 3424 781 3491 etsi
807 3428 858 3491 est
879 3423 1043 3493 inlecebra
1065 3423 1163 3511 turpi·

156 3513 293 3595 tudinis,
319 3516 431 3580 tamen
456 3513 558 3583 habet
585 3513 739 3598 quiddam
764 3512 870 3579 simile
891 3512 1051 3579 naturalis
1074 3511 1166 3594 boni3
