2654 3924
410 219 475 277 [ΑΒ.
493 221 528 276 ΙΙ.
553 221 628 276 oAP.
649 228 746 277 6-10.
771 223 916 286 §rr—18.
1098 219 1163 286 311

157 366 261 432 multo
289 365 334 431 cti
335 388 388 430 am
412 365 516 450 magis
539 363 699 430 Romulus
721 369 854 450 patrum
877 365 1071 430 auctoritate
1093 387 1165 431 oon·

158 455 295 538 silioque
317 454 477 540 regnavit.

223 541 293 618 Quo
320 542 408 608 facto
435 542 577 627 primum
604 541 686 607 vidit
712 541 930 639 iudicavitque
953 536 1062 625 idem,
1080 542 1165 627 quod
1183 521 1220 650 ⁹⁶

159 627 295 732 Spartae
316 629 483 716 Lycurgus
506 631 604 716 paulo
628 634 704 695 ante
727 627 862 714 viderat,
885 629 1076 716 singulari
1066 652 1166 715 impe

130 719 207 783 erio
235 723 268 785 ιι
293 722 458 803 potestate
485 718 577 805 regia
603 722 675 783 turn
702 718 819 784 melius
841 718 1017 806 gubernari
1040 722 1073 784 ιι
1095 718 1167 805 regi

159 807 327 909 civitates,
351 807 381 872 si
408 810 494 872 esset
524 806 641 892 optimi
668 808 821 891 cuiusque
844 806 885 871 ad
907 807 1001 872 illam
1023 805 1091 872 rim
1114 807 1167 872 do

160 895 346 997 minationis
379 896 530 961 adiuncta
562 918 621 961 auc
621 896 747 961 toritas.
795 894 912 980 Itaque
941 895 1004 961 hoc
1030 895 1167 961 oonsilio

160 989 194 1049 ιι
225 983 318 1069 quasi
345 988 460 1050 senatu
486 984 590 1049 fultus
615 984 620 1068 Ι
645 987 677 1049 ιι
705 984 848 1049 munitus
876 988 910 1050 ct
936 984 1025 1050 bella
1055 986 1096 1065 [p.
1115 999 1166 1049 238

159 1095 232 1138 cum
262 1072 411 1138 finitimis
441 1072 628 1138 felicissime
655 1072 761 1137 multa
787 1073 891 1159 gessit
918 1076 964 1158 et,
997 1095 1070 1139 oum
1097 1072 1168 1158 ipse

121 1181 146 1221 ιι
159 1161 243 1227 nihil
268 1183 307 1227 ex
328 1161 451 1247 praeda
473 1162 605 1227 domum
628 1183 721 1226 suam
743 1165 940 1246 reportaret,
968 1162 1168 1246 locupletare

160 1250 239 1316 civis
256 1271 323 1315 non
340 1250 475 1315 destitit.
507 1250 599 1333 Tum,
616 1248 651 1313 id
670 1271 733 1334 quo
747 1250 923 1315 retinemus
937 1250 1033 1315 hodie
1047 1272 1167 1337 magna
1186 1264 1221 1316 16

159 1361 233 1405 cum
255 1339 361 1404 salute
382 1339 429 1403 rei
446 1337 606 1423 publicae,
629 1338 781 1423 auspiciis
800 1338 977 1423 plurimum
995 1340 1168 1406 obsecutus

160 1431 211 1493 est
223 1427 392 1493 Romulus.
428 1424 514 1492 Nam
533 1430 566 1491 et
583 1427 664 1512 ipse,
683 1426 769 1511 qnod
785 1427 982 1512 principium
999 1428 1047 1493 rei
1064 1427 1169 1513 publi·

160 1538 216 1582 eae
233 1515 306 1599 fuit,
327 1515 442 1581 urbem
460 1515 604 1581 condidit
622 1514 790 1600 auspicato
813 1519 846 1580 et
865 1515 1015 1581 omnibus
1028 1516 1168 1600 publicis

120 1623 147 1662 ιε
160 1606 258 1670 rebus
279 1604 497 1688 instituendis,
519 1604 575 1689 qui
598 1603 663 1669 sibi
685 1604 846 1668 essentia
864 1603 1026 1689 auspiciis,
1049 1625 1089 1669 ex
1107 1605 1170 1669 sin-

160 1693 424 1866 dilidittrpiiedidid
437 1690 1170 1866 iqrqpiqflpes]apoppithviptunqupipppispteatmlpqppp

161 1873 301 1954 quantae
319 1868 419 1934 fuerit
436 1869 583 1952 utilitati,
600 1872 677 1953 post
690 1867 816 1955 videro)
830 1869 1015 1953 multaeque
1029 1868 1170 1934 dictione

161 1958 271 2023 ouium
294 1962 327 2022 et
349 1958 469 2023 bovum
493 1955 593 2042 (quod
615 1963 687 2022 tum
710 1961 781 2022 erat
803 1979 855 2023 res
877 1957 913 2021 in
935 1979 1051 2042 pecore
1074 1962 1107 2022 et
1124 1957 1171 2023 lo

121 2065 273 2112 socerum
300 2046 574 2131 possessionibus,
604 2067 643 2110 ex
675 2067 739 2130 quo
768 2045 970 2131 pecuniosi
1001 2049 1035 2111 et
1066 2047 1171 2112 locu-

160 2135 289 2221 pletes
313 2131 537 2220 vocabantur),
560 2155 626 2199 non
648 2134 681 2199 vi
704 2137 737 2199 ιι
760 2134 928 2219 suppliciis
951 2134 1129 2200 coiroebat

227 2223 277 2289 Ac
300 2221 460 2289 Romulus
486 2245 560 2288 cum
587 2227 713 2308 septem
741 2227 774 2287 et
800 2222 940 2309 triginta
965 2223 1205 2325 regnavisse

162 2333 263 2378 annos
295 2315 329 2378 ιι
357 2312 438 2377 haec
465 2311 597 2398 egregia
624 2312 687 2377 duo
714 2311 921 2377 firmamenta
946 2311 995 2377 rei
1021 2272 1224 2397 publieae¹⁷

161 2400 353 2487 peperisset,
378 2399 552 2485 lauspicia
579 2403 613 2465 et
639 2404 801 2483 senatum,
828 2404 957 2465 tanturn
985 2402 1100 2482 estha
1119 2416 1172 2466 ιιι

122 2507 149 2549 ιι
163 2493 362 2572 consecutus,
384 2493 430 2572 ut,
454 2511 527 2554 oum
550 2487 659 2553 subito
682 2489 751 2553 sole
774 2450 947 2554 oirsourato
969 2509 1037 2554 non
1056 2510 1172 2574 conpa-

162 2577 291 2661 ruisset,
309 2576 442 2642 deorum
460 2576 495 2641 ιιι
511 2598 646 2641 numero
665 2576 853 2642 conlocatus
867 2580 1051 2662 putaretur3
1075 2599 1172 2662 quarn

164 2665 349 2750 opinionem
371 2686 466 2731 nemo
484 2686 640 2748 umquam
657 2665 808 2729 mortalis
827 2664 960 2750 adsequi
977 2665 1087 2750 potuit
1103 2666 1172 2730 sine

98 2750 100 2754 ⁴
164 2753 282 2818 eximia
310 2752 442 2818 virtutis
472 2752 586 2838 gloria.
632 2752 742 2837 Atque
770 2752 833 2819 hoc
862 2775 900 2819 eo
927 2753 1034 2840 magis
1062 2756 1114 2818 est
1135 2754 1171 2818 in
1189 2760 1223 2819 ιθ

163 2840 303 2906 Romulo
328 2840 566 2924 admirandum,
589 2840 675 2926 quod
698 2841 806 2925 ceteri,
829 2840 884 2925 qui
907 2841 952 2906 dii
975 2864 1014 2906 ex
1036 2841 1173 2907 homini·

123 2946 151 2989 so
164 2929 226 2994 bus
247 2928 328 2995 facti
351 2949 421 2994 esse
445 2929 603 3014 dicuntur,
627 2929 734 2995 minus
756 2928 891 2994 eruditis
914 2929 1084 2995 hominum
1106 2951 1174 2996 sae·

164 3017 244 3083 culis
266 3016 408 3102 fuerunt,
430 3022 468 3082 ut
489 3015 642 3104 finlgendi
664 3017 819 3103 proclivis
842 3021 927 3083 esset
944 3017 1040 3104 ratio,
1063 3020 1105 3100 [p.
1121 3034 1172 3083 ιιι

163 3129 237 3174 cum
250 3105 395 3191 imperiti
408 3105 505 3172 facile
522 3105 564 3170 ad
577 3105 771 3172 credendum
784 3104 1027 3209 impellerentur,
1041 3106 1174 3172 Romuli

164 3199 274 3262 autem
297 3198 440 3261 aetatem
462 3194 570 3259 minus
592 3193 645 3259 his
669 3194 824 3295 sescentis
848 3195 942 3260 annis
963 3193 1030 3261 iam
1053 3195 1174 3261 invete

164 3283 316 3349 ratist
275 3283 331 3349 litt
316 3282 396 3349 teris
419 3286 517 3368 atque
540 3282 643 3349 (ιοιι
600 3281 697 3348 trmis
720 3283 872 3368 omnique
894 3283 953 3349 illo
977 3282 1112 3370 antiquo
1135 3305 1175 3349 ex

124 3389 151 3432 rr
164 3373 288 3439 inculta
314 3371 484 3438 hominum
506 3370 576 3437 vita
597 3392 706 3438 errore
729 3371 859 3438 sublato
881 3371 982 3438 fuisse
1005 3372 1175 3439 cernimus.

163 3459 251 3528 Nam
278 3460 320 3546 si,
348 3460 383 3526 id
410 3459 497 3547 quod
524 3458 722 3528 Graecorum
748 3459 967 3546 investigatur
993 3460 1174 3544 annalibus,

164 3547 270 3615 Roma
292 3550 402 3615 condit
404 3573 423 3615 a
442 3554 493 3616 est
510 3549 650 3617 secundo
671 3571 756 3615 anno
775 3547 978 3635 Olympiadis
997 3551 1174 3634 septumae,

1155 2195 1224 2321 t10
