2652 3920
189 209 252 274 148
541 208 590 263 ΒΕ
608 209 852 264 DIVINATIONE

188 350 365 439 disputatio
393 352 456 418 tibi
481 353 561 439 ipsi,
589 356 629 418 ut
649 352 684 418 in
706 358 850 420 extremo
873 354 973 420 tertio
996 355 1126 443 scribis,
1155 357 1197 423 ad

186 443 358 508 veritatem
381 445 433 508 est
455 441 526 507 visa
547 441 748 528 propensior.
788 439 866 527 Sed,
883 442 969 528 quod
990 445 1197 529 praetermis·

187 553 259 596 sum
284 534 335 596 est
362 530 398 596 in
423 528 491 595 illis
518 528 612 595 libris
640 527 762 616 (credo,
790 530 867 616 quia
888 532 1089 599 commodius
1112 534 1197 600 arbi·

184 623 292 685 tratus
315 640 352 685 es
374 617 552 703 separatim
573 617 608 683 id
626 618 741 703 quaeri
756 619 864 705 deque
879 641 917 685 eo
937 619 1075 707 disseri),
1093 622 1127 687 id
1146 625 1196 688 est

187 709 225 774 de
243 706 457 792 divinatione,
480 728 562 791 quae
585 710 637 772 est
659 729 771 773 earum
793 730 911 793 rerum,
934 731 1016 794 quae
1037 709 1195 776 fortuitae
1223 733 1238 773 s

185 799 355 883 putantur,
384 793 562 882 praedictio
590 798 689 880 atque
717 797 919 883 praesensio,
947 797 994 882 id,
1023 798 1052 863 si
1078 800 1195 885 placet,

185 885 352 951 videamus
374 905 480 968 quam
502 883 625 948 habeat
647 882 715 950 vim
737 888 772 950 et
794 885 891 970 quale
913 886 967 951 sit.
1011 885 1084 973 Ego
1109 888 1195 952 enim

162 1002 165 1007 ⁴
186 969 237 1041 sic
255 973 415 1057 existimo,
438 971 468 1039 si
490 971 558 1037 sint
580 993 619 1038 ea
640 994 760 1059 genera
777 973 943 1040 divinandi
960 996 1046 1059 vera,
1070 975 1109 1040 de
1128 976 1195 1060 qui-

185 1063 247 1128 bus
266 1061 447 1147 accepimus
466 1081 612 1146 quaeque
627 1061 773 1146 colimus,
791 1083 861 1128 esse
876 1062 962 1147 deos,
980 1062 1195 1149 vicissimque,

135 1117 168 1240 ,60
186 1151 215 1216 si
238 1148 271 1215 di
293 1150 368 1234 sint,
391 1170 461 1215 esse
507 1149 541 1213 ui
564 1148 717 1215 divinent.
758 1149 876 1217 Arcem
898 1154 944 1247 tu·
959 1152 1089 1235 quidem
1111 1149 1195 1218 Stoi·
1209 1175 1236 1215 rc

185 1260 306 1327 corum,
327 1238 471 1323 inquam,
485 1171 620 1322 (damu,
643 1236 796 1323 defendis,
819 1238 979 1324 siquidem
998 1240 1064 1305 ista
1081 1240 1129 1307 sic
1146 1249 1195 1306 re

185 1328 405 1414 ciprocantur,
431 1329 470 1392 ut
496 1329 542 1410 et,
570 1325 599 1391 si
626 1326 783 1392 divinatio
806 1326 864 1411 sit,
892 1327 926 1393 di
948 1328 1014 1393 sint
1036 1332 1083 1414 et,
1110 1329 1139 1395 si
1163 1329 1195 1394 di

186 1417 262 1501 sint,
284 1416 328 1480 sit
346 1413 514 1480 divinatio.
550 1411 694 1490 Quorum
710 1418 862 1481 neutrum
880 1419 951 1482 tam
967 1416 1073 1501 facile,
1096 1440 1194 1503 quam

184 1509 222 1571 tu
249 1503 435 1587 arbitraris,
461 1503 656 1569 conceditur.
701 1502 788 1569 Nam
815 1507 849 1570 et
876 1508 995 1571 natura
1017 1505 1195 1593 significari

183 1593 297 1659 futura
318 1592 389 1659 sine
412 1592 472 1658 deo
494 1595 634 1678 possunt
656 1595 699 1677 et,
721 1596 758 1657 ut
777 1592 845 1658 sint
862 1592 904 1678 di,
926 1597 1037 1679 potest
1054 1595 1134 1680 fieri,
1157 1599 1194 1660 ut
1209 1617 1234 1657 15

184 1681 277 1747 nulla
298 1682 341 1747 ab
363 1680 405 1746 iis
428 1679 585 1745 divinatio
609 1680 720 1766 generi
742 1681 884 1747 humano
903 1682 1028 1748 tributa
1047 1683 1099 1748 sit.
1136 1682 1194 1750 Ae

185 1791 247 1856 que
265 1770 335 1836 ille:
358 1768 441 1834 Mihi
458 1790 546 1852 vero,
563 1768 679 1854 inquit,
699 1769 780 1838 satis
799 1774 851 1836 est
867 1772 1053 1858 argumenti
1072 1776 1105 1837 et
1123 1794 1193 1838 esse

185 1860 263 1924 deos
281 1861 315 1924 et
333 1879 389 1924 eos
403 1857 570 1923 consuere
583 1858 680 1923 rebus
694 1857 855 1943 humanis,
873 1859 959 1944 quod
972 1881 1044 1925 esse
1058 1861 1148 1927 clara
1160 1863 1194 1926 et

184 1946 356 2033 perspicua
378 1944 587 2011 divinationis
611 1966 731 2031 genera
752 1946 867 2013 iudico.
903 1947 952 2012 De
976 1949 1093 2033 quibus
1116 1949 1194 2035 quid

184 2034 425 2122 ipsesentiam,
450 2034 479 2098 si
501 2034 618 2120 placet,
641 2056 811 2121 exponam,
831 2035 880 2100 ita
901 2038 1021 2121 tamen,
1043 2037 1073 2101 si
1095 2060 1193 2104 vacas
1207 2059 1233 2099 so

185 2123 293 2189 animo
315 2144 420 2208 neque
442 2121 543 2188 habes
567 2121 703 2207 aliquid,
732 2122 818 2207 quod
839 2122 915 2190 huic
938 2125 1079 2191 sermoni
1102 2148 1193 2211 prae·

134 2228 165 2275 11
184 2212 374 2278 vertendum
403 2215 507 2297 putes.
556 2209 629 2296 Ego
659 2233 751 2295 vero,
780 2211 927 2296 inquam,
955 2212 1192 2300 philosophiae,

185 2300 317 2385 Quinte,
349 2320 477 2385 semper
507 2320 600 2382 vac03
631 2297 695 2365 hoc
721 2302 831 2365 autem
858 2303 1018 2386 tempore,
1048 2323 1121 2368 cum
1149 2304 1193 2368 sit

184 2389 267 2455 nihil
289 2387 388 2472 aliud,
411 2386 497 2473 quod
519 2386 669 2452 lubenter
691 2409 788 2474 agere
805 2388 940 2474 possim,
962 2390 1192 2478 multomagis

185 2500 264 2545 aveo
288 2476 407 2561 audire,
430 2475 469 2541 de
492 2474 690 2541 divinatione
713 2476 792 2561 quid
813 2477 945 2542 sentias.
1206 2499 1232 2540 25

250 2564 352 2650 Nihil,
373 2563 489 2649 inquit,
512 2563 660 2648 equidem
677 2565 840 2649 novinae
858 2565 945 2651 quod
958 2571 1092 2652 ‘praeter
1110 2573 1192 2634 cete

184 2675 239 2722 ros
256 2655 327 2741 ipse
346 2653 500 2737 sentiam
518 2674 596 2717 nam
615 2674 689 2719 cum
706 2653 968 2738 antiquissimam
986 2657 1192 2742 sententiam,

183 2747 254 2809 tum
278 2741 423 2809 omnium
444 2742 639 2827 populorum
661 2744 695 2807 et
718 2742 864 2829 gentium
882 2765 1040 2809 consensu
1058 2767 1192 2832 conpro-

182 2832 296 2898 batam
319 2850 461 2915 sequor·
480 2828 553 2894 Duo
577 2833 653 2895 sunt
674 2830 760 2896 enim
778 2831 945 2898 divinandi
963 2854 1092 2919 genera,
1114 2857 1192 2918 quo·

132 2935 164 2984 12
184 2942 257 2986 rum
289 2919 430 2985 alterum
461 2917 544 2984 artis
573 2922 636 3004 est,
667 2919 807 2986 alterum
834 2924 979 2987 naturae.
1024 2921 1113 2998 Quae
1139 2925 1191 2987 est
1204 2938 1231 2980 so

184 3012 293 3075 autem
321 3028 401 3094 gens
428 3010 486 3073 aut
513 3029 596 3092 quae
623 3007 752 3092 civitas,
779 3031 861 3095 quae
891 3033 958 3077 non
980 3014 1037 3076 aut
1060 3009 1191 3095 extispi-

183 3119 257 3164 cum
280 3100 337 3162 aut
355 3099 504 3162 monstra
525 3099 583 3162 aut
604 3095 737 3183 fulgora
758 3096 1042 3184 interpretantium
1061 3101 1119 3163 aut
1137 3120 1190 3164 au·
1320 3102 1321 3105 ’

183 3206 301 3272 gurum
330 3188 389 3251 aut
416 3185 660 3272 astrologorum
689 3189 747 3251 aut
774 3186 911 3251 sortium
939 3184 992 3271 (ea
1014 3186 1099 3251 enim
1120 3185 1189 3253 fere

183 3273 265 3339 artis
292 3271 383 3362 sunt)
411 3277 468 3340 aut
495 3272 695 3340 somniorum
721 3277 779 3340 aut
805 3273 1073 3340 vaticinationum
1095 3272 1190 3360 (haec

183 3362 270 3427 enim
292 3360 355 3430 duo
377 3362 543 3430 naturalia
564 3361 736 3449 putantur)
758 3363 977 3448 praedictione
997 3364 1189 3430 moveatur?
1203 3380 1229 3421 ³⁵

182 3448 326 3527 Quarum
353 3449 483 3538 quidem
510 3474 625 3518 rerum.
646 3454 763 3516 eventa
789 3450 894 3536 magis
922 3451 1065 3518 arbitror
1091 3474 1188 3538 quam

182 3560 296 3606 causas
319 3540 431 3626 quaeri
455 3543 613 3627 oportere.
649 3538 714 3606 Est
736 3538 823 3604 enim
838 3538 890 3603 vis
909 3542 943 3603 et
959 3544 1078 3607 natura
1097 3564 1190 3627 quae-
