2654 3912
180 231 247 296 408
575 228 625 283 DE
643 228 798 284 LEGIBUS

182 375 338 462 sapientis
374 374 414 441 ad
450 374 625 441 iubendum
662 378 695 440 et
718 370 772 439 'ad
809 372 1035 439 deterrendum
1065 373 1195 440 idonea.

146 480 162 530 e
182 465 216 547 Q.
235 464 443 549 Aliquotiens
465 464 532 529 iam
551 464 614 528 iste
633 464 723 529 locus
743 485 762 527 a
779 466 813 528 te
827 465 934 528 tactus
953 466 1017 546 est;
1040 462 1095 527 sed
1115 467 1195 528 ante

182 575 280 638 quam
308 553 349 619 ad
375 552 549 638 populares
572 552 663 638 leges
685 550 810 634 venias,
832 551 900 616 vim
922 550 1017 615 istius
1041 551 1194 616 caelestis

182 642 264 727 legis
293 642 444 727 explana,
471 640 500 705 si
521 641 643 725 placet,
669 661 711 704 ne
734 643 843 705 aestus
865 660 926 703 nos
949 639 1194 705 consuetudinis

182 730 357 796 absorbeat
379 732 412 794 et
431 728 472 794 ad
490 728 648 794 sermonis
667 749 790 792 morem
809 727 925 792 usitati
942 727 1063 793 trahat.
1092 728 1141 793 M.
1160 728 1195 792 Α
1226 748 1243 790 s

181 819 292 904 parvis
311 817 406 901 enim,
425 814 551 900 Quinte,
571 816 739 881 didicimus
759 815 802 882 ‘sl
821 834 857 881 m
875 832 930 882 Ius
944 814 1073 883 vocar'
1093 820 1194 901 atque

182 907 250 972 eius
274 906 361 972 modi
386 904 524 991 ‘leges'
549 905 631 969 alias
651 903 828 969 nominare.
866 901 928 968 Sed
946 926 1022 969 vero
1041 904 1194 989 intellegi

183 995 229 1061 sio
251 997 391 1080 oportet,
414 997 447 1058 et
469 994 531 1059 hoc
554 996 587 1058 et
610 993 675 1058 alia
697 993 786 1057 iussa
809 1014 847 1059 ao
869 992 973 1058 vetita
994 992 1193 1078 populorum

182 1085 249 1149 vim
271 1082 392 1147 habere
415 1081 457 1146 ad
478 1085 566 1146 recte
587 1080 677 1147 facta
699 1080 835 1147 vocandi
858 1084 892 1146 et
914 1103 934 1146 a
956 1081 1098 1166 peccatis
1117 1103 1194 1147 avo

183 1171 286 1256 candi,
311 1192 393 1255 quae
415 1169 466 1235 ris
488 1192 554 1236 non
576 1169 673 1236 modo
696 1169 804 1234 senior
827 1173 877 1234 est
900 1191 998 1253 quam
1021 1173 1112 1235 aetas
1135 1191 1194 1255 po
1209 1192 1241 1233 ro

182 1260 333 1346 pulorum
356 1262 389 1324 et
412 1258 608 1344 civitatium,
635 1258 691 1323 sed
714 1256 859 1342 aequalis
882 1257 971 1322 illius
995 1258 1120 1324 caelum
1143 1262 1193 1323 at·

132 1364 164 1413 10
184 1368 245 1432 que
271 1351 377 1412 terras
403 1347 528 1412 tuentis
551 1351 584 1412 et
606 1345 750 1433 regentis
774 1345 834 1411 dei.
874 1341 988 1431 Neque
1011 1346 1097 1412 enim
1121 1368 1194 1412 esse

182 1457 272 1502 mens
296 1435 406 1501 divina
429 1435 497 1501 sine
520 1435 647 1501 ratione
670 1438 788 1521 potest,
810 1457 869 1499 nec
891 1434 977 1500 ratio
999 1435 1108 1500 divina
1125 1457 1194 1501 nou
1263 1454 1267 1459 ·

181 1524 265 1590 hanc
294 1523 362 1589 rim
390 1524 426 1588 in
452 1523 549 1589 rectis
575 1523 750 1609 pravisque
779 1522 958 1588 sanciendis
981 1522 1094 1608 habet,
1123 1545 1193 1609 uec,

183 1613 259 1698 quia
276 1634 437 1698 nusquam
455 1616 526 1677 erat
545 1611 711 1698 scriptum,
733 1614 903 1677 utcontra
921 1612 1026 1676 omnis
1045 1612 1192 1677 hostium
1208 1633 1236 1675 rs

182 1702 292 1787 copias
322 1702 357 1765 in
384 1704 485 1786 ponte
512 1721 595 1765 unus
623 1699 798 1765 adsisteret
826 1721 845 1764 a
872 1702 1030 1786 tergoque
1056 1704 1191 1787 pontem

182 1788 371 1855 interscindi
393 1789 528 1873 iuberet,
550 1788 669 1854 idcirco
693 1788 800 1853 minus
823 1785 982 1853 Coclitem
1004 1787 1099 1853 illum
1121 1811 1191 1854 rem

184 1878 324 1965 gessisse
346 1881 475 1944 tentam
496 1876 699 1942 fortitudinis
722 1877 794 1963 lege
818 1879 916 1960 atque
938 1875 1075 1962 imperio
1098 1882 1191 1962 puta·

182 1967 303 2051 bimus,
329 1988 402 2049 nec,
429 1966 458 2032 si
480 1969 637 2052 regnante
660 1965 698 2031 L.
721 1964 897 2050 Tarquinio
920 1965 1011 2030 nulla
1034 1969 1105 2030 erat
1127 1966 1192 2032 Ro·

183 2077 255 2121 mae
283 2054 406 2140 scripta
427 2054 480 2120 lex
503 2055 541 2119 de
564 2054 701 2139 stupris,
728 2052 848 2119 idcirco
871 2075 938 2117 non
960 2057 1074 2119 contro
1097 2054 1191 2119 illam
1205 2076 1235 2117 ro

182 2144 290 2230 legem
322 2144 553 2228 sempiternam
585 2140 655 2208 Sex.
687 2141 882 2228 Tarquinius
913 2141 981 2207 vim
1012 2141 1192 2227 Lucretiae,

183 2231 366 2317 Tricipitini
387 2231 488 2315 filiae,
513 2230 635 2296 attulit.
680 2231 762 2296 Erat
786 2230 872 2294 enim
895 2230 980 2296 ratio
1003 2229 1149 2316 profecta
1172 2255 1192 2297 a

183 2342 292 2385 rerum
324 2322 443 2384 natura
472 2322 504 2384 et
532 2318 573 2384 ad
600 2322 686 2385 reete
713 2317 896 2384 faciendum
923 2318 1083 2404 inpellens
1111 2323 1144 2384 et
1172 2342 1192 2385 a

184 2408 301 2474 delicto
320 2428 469 2492 avocans,
488 2429 570 2493 quae
587 2428 654 2472 non
671 2411 742 2472 tum
761 2406 898 2492 denique
916 2406 1030 2493 incipit
1044 2408 1097 2472 lex
1111 2429 1191 2492 esse,

184 2518 282 2582 quom
302 2495 425 2582 scripta
443 2499 502 2581 est,
521 2495 577 2561 sed
595 2499 675 2580 tum,
694 2516 793 2580 quom
811 2499 885 2561 orta
903 2499 967 2581 est3
989 2499 1063 2561 orta
1081 2500 1191 2562 autem
1204 2517 1234 2559 es

183 2588 234 2651 est
256 2584 354 2650 simul
376 2606 450 2650 cum
471 2588 580 2650 mente
604 2583 722 2649 divina.
758 2581 862 2659 Quam
885 2583 927 2649 ob
951 2605 1021 2648 rem
1043 2584 1096 2649 lex
1113 2607 1192 2650 vera

183 2678 281 2759 atque
313 2671 463 2759 princeps
495 2676 573 2757 apta
604 2672 646 2738 ad
677 2672 851 2738 iubendum
883 2675 917 2737 et
948 2671 990 2739 ad
1015 2673 1191 2738 retandum

182 2763 267 2829 ratio
291 2765 342 2827 est
363 2764 453 2827 recta
475 2760 594 2825 summi
614 2758 712 2827 Iovis.

143 2831 165 2896 5
250 2851 285 2932 Q.
303 2848 489 2934 Adsentior,
505 2848 616 2934 frater,
634 2853 681 2935 ut,
698 2849 784 2935 quod
803 2853 853 2915 est
870 2852 995 2916 rectum
1013 2870 1191 2933 verumque,

133 2908 163 2957 ¹¹
182 2945 339 3004 aeteruum
364 2958 487 3024 quoque
515 2938 559 3002 sit
580 2959 685 3023 neque
708 2959 780 3004 cum
804 2937 937 3023 litteris,
989 2937 1084 3004 uibus
1108 2940 1232 3004 scitaao

182 3026 381 3112 scribuntur,
409 3029 467 3092 aut
489 3026 614 3092 oriatur
637 3030 694 3091 aut
717 3025 851 3093 occidat
887 3028 937 3093 M.
958 2960 1049 3113 drgo
1073 3031 1110 3092 ut
1133 3027 1191 3092 illa

182 3113 292 3179 divina
320 3136 411 3180 mens
439 3137 566 3181 summa
592 3115 645 3180 lex
668 3119 731 3199 est,
759 3114 853 3200 item,
883 3137 981 3201 quom
1003 3114 1038 3179 in
1060 3114 1190 3181 homine

182 3206 233 3267 est
254 3201 407 3288 perfecta,
506 3202 541 3268 in
564 3207 671 3268 mente
690 3203 861 3289 sapientis3
884 3224 967 3289 quae
985 3206 1063 3269 sunt
1081 3208 1190 3269 autem

181 3291 271 3356 varie
299 3295 333 3356 et
360 3291 401 3357 ad
422 3295 552 3376 tempus
580 3288 755 3377 discriptae
778 3291 923 3378 populis,
949 3292 1061 3358 favore
1084 3292 1190 3379 magis

183 3399 280 3461 quam
307 3399 342 3444 re
369 3377 479 3464 legum
506 3399 626 3444 nomen
648 3383 769 3445 tenent.
806 3379 942 3445 Omnem
965 3379 1052 3446 enirn
1075 3380 1189 3466 legem,
1202 3397 1229 3439 u

183 3487 265 3551 quae
289 3465 418 3549 quidem
440 3468 527 3530 recte
549 3467 602 3530 lex
625 3466 784 3552 appellari
806 3470 924 3552 possit,
952 3488 1023 3533 esse
1046 3468 1190 3533 laudabi-

182 3552 248 3617 lem
280 3552 472 3638 quibusdam
504 3553 626 3620 talibus
659 3556 860 3641 argumentis
890 3555 1019 3621 docent:
1051 3553 1190 3621 Constat
