<?xml version="1.0" encoding="UTF-8"?>
<!DOCTYPE html PUBLIC "-//W3C//DTD XHTML 1.0 Transitional//EN"
    "http://www.w3.org/TR/xhtml1/DTD/xhtml1-transitional.dtd">
<html xmlns="http://www.w3.org/1999/xhtml" xml:lang="en" lang="en">
 <head>
  <title>
</title>
<meta http-equiv="Content-Type" content="text/html;charset=utf-8" />
  <meta name='ocr-system' content='tesseract 3.04.00' />
  <meta name='ocr-capabilities' content='ocr_page ocr_carea ocr_par ocr_line ocrx_word'/>
</head>
<body>
  <div class='ocr_page' id='page_1' title='image "./mtulliiciceroni00salegoog_0139.png"; bbox 0 0 2652 3908; ppageno 0'>
   <div class='ocr_carea' id='block_1_1' title="bbox 195 229 896 300">
    <p class='ocr_par' dir='ltr' id='par_1_1' title="bbox 195 229 896 300">
     <span class='ocr_line' id='line_1_1' title="bbox 195 229 896 300; baseline 0 -15"><span class='ocrx_word' id='word_1_1' title='bbox 195 235 238 300; x_wconf 84' lang='lat'>86</span> <span class='ocrx_word' id='word_1_2' title='bbox 504 229 896 285; x_wconf 77' lang='lat' dir='ltr'>nuuurumnuoaun</span> 
     </span>
    </p>
   </div>
   <div class='ocr_carea' id='block_1_2' title="bbox 194 373 1207 554">
    <p class='ocr_par' dir='ltr' id='par_1_2' title="bbox 194 373 1207 554">
     <span class='ocr_line' id='line_1_2' title="bbox 195 373 1207 461; baseline -0.006 -17"><span class='ocrx_word' id='word_1_3' title='bbox 195 382 301 444; x_wconf 83' lang='lat' dir='ltr'>natae.</span> <span class='ocrx_word' id='word_1_4' title='bbox 340 376 502 444; x_wconf 84' lang='lat' dir='ltr'>Minorem</span> <span class='ocrx_word' id='word_1_5' title='bbox 525 379 634 442; x_wconf 89' lang='lat' dir='ltr'>autem</span> <span class='ocrx_word' id='word_1_6' title='bbox 652 373 913 461; x_wconf 70' lang='lat' dir='ltr'>Septentrionem</span> <span class='ocrx_word' id='word_1_7' title='bbox 926 373 1077 461; x_wconf 77' lang='lat' dir='ltr'>Cepheus</span> <span class='ocrx_word' id='word_1_8' title='bbox 1100 378 1207 461; x_wconf 90' lang='lat' dir='ltr'>passis</span> 
     </span>
     <span class='ocr_line' id='line_1_3' title="bbox 194 464 719 554; baseline -0.01 -21"><span class='ocrx_word' id='word_1_9' title='bbox 194 467 314 554; x_wconf 89' lang='lat' dir='ltr'>palmis</span> <span class='ocrx_word' id='word_1_10' title='bbox 337 489 356 533; x_wconf 87' lang='lat' dir='ltr'>a</span> <span class='ocrx_word' id='word_1_11' title='bbox 379 470 474 553; x_wconf 76' lang='lat' dir='ltr'>tergo</span> <span class='ocrx_word' id='word_1_12' title='bbox 497 464 719 549; x_wconf 78' lang='lat' dir='ltr'>subsequitur:</span> 
     </span>
    </p>
   </div>
   <div class='ocr_carea' id='block_1_3' title="bbox 239 588 1211 745">
    <p class='ocr_par' dir='ltr' id='par_1_3' title="bbox 239 588 1211 745">
     <span class='ocr_line' id='line_1_4' title="bbox 239 588 1211 677; baseline -0.004 -19"><span class='ocrx_word' id='word_1_13' title='bbox 239 591 412 677; x_wconf 87' lang='lat' dir='ltr'>Namque</span> <span class='ocrx_word' id='word_1_14' title='bbox 447 589 575 676; x_wconf 89' lang='lat' dir='ltr'>ipsum</span> <span class='ocrx_word' id='word_1_15' title='bbox 608 588 654 655; x_wconf 87' lang='lat' dir='ltr'>ad</span> <span class='ocrx_word' id='word_1_16' title='bbox 684 592 838 676; x_wconf 81' lang='lat' dir='ltr'>tergum</span> <span class='ocrx_word' id='word_1_17' title='bbox 870 589 1093 674; x_wconf 81' lang='lat' dir='ltr'>Cynosurae</span> <span class='ocrx_word' id='word_1_18' title='bbox 1126 612 1211 656; x_wconf 77' lang='lat' dir='ltr'>ver·</span> 
     </span>
     <span class='ocr_line' id='line_1_5' title="bbox 875 677 1120 745; baseline 0 -2"><span class='ocrx_word' id='word_1_19' title='bbox 875 678 976 743; x_wconf 86' lang='lat' dir='ltr'>titur</span> <span class='ocrx_word' id='word_1_20' title='bbox 998 677 1120 745; x_wconf 84' lang='lat' dir='ltr'>Arcti.</span> 
     </span>
    </p>
   </div>
   <div class='ocr_carea' id='block_1_4' title="bbox 195 784 477 854">
    <p class='ocr_par' dir='ltr' id='par_1_4' title="bbox 195 784 477 854">
     <span class='ocr_line' id='line_1_6' title="bbox 195 784 477 854; baseline -0.018 0"><span class='ocrx_word' id='word_1_21' title='bbox 195 787 291 854; x_wconf 92' lang='lat' dir='ltr'>Hunc</span> <span class='ocrx_word' id='word_1_22' title='bbox 315 784 477 852; x_wconf 72' lang='lat' dir='ltr'>antecedit</span> 
     </span>
    </p>
   </div>
   <div class='ocr_carea' id='block_1_5' title="bbox 241 887 1304 1861">
    <p class='ocr_par' dir='ltr' id='par_1_5' title="bbox 241 887 1304 1861">
     <span class='ocr_line' id='line_1_7' title="bbox 242 887 1239 980; baseline -0.01 -22"><span class='ocrx_word' id='word_1_23' title='bbox 242 894 415 958; x_wconf 77' lang='lat' dir='ltr'>Obscura</span> <span class='ocrx_word' id='word_1_24' title='bbox 437 890 565 980; x_wconf 84' lang='lat' dir='ltr'>specie</span> <span class='ocrx_word' id='word_1_25' title='bbox 588 889 796 955; x_wconf 89' lang='lat' dir='ltr'>stellarum</span> <span class='ocrx_word' id='word_1_26' title='bbox 819 887 1030 979; x_wconf 79' lang='lat' dir='ltr'>Cassiepia.</span> <span class='ocrx_word' id='word_1_27' title='bbox 1226 907 1239 948; x_wconf 83' lang='lat' dir='ltr'>s</span> 
     </span>
     <span class='ocr_line' id='line_1_8' title="bbox 241 979 1213 1065; baseline -0.004 -18"><span class='ocrx_word' id='word_1_28' title='bbox 241 981 348 1047; x_wconf 90' lang='lat' dir='ltr'>Hanc</span> <span class='ocrx_word' id='word_1_29' title='bbox 363 982 489 1045; x_wconf 88' lang='lat' dir='ltr'>autem</span> <span class='ocrx_word' id='word_1_30' title='bbox 503 979 667 1044; x_wconf 87' lang='lat' dir='ltr'>inlustri</span> <span class='ocrx_word' id='word_1_31' title='bbox 680 980 861 1043; x_wconf 86' lang='lat' dir='ltr'>versatur</span> <span class='ocrx_word' id='word_1_32' title='bbox 874 1000 1034 1065; x_wconf 88' lang='lat' dir='ltr'>corpore</span> <span class='ocrx_word' id='word_1_33' title='bbox 1048 983 1213 1064; x_wconf 88' lang='lat' dir='ltr'>propter</span> 
     </span>
     <span class='ocr_line' id='line_1_9' title="bbox 242 1067 1214 1169; baseline -0.002 -34"><span class='ocrx_word' id='word_1_34' title='bbox 242 1068 485 1135; x_wconf 85' lang='lat' dir='ltr'>Andromeda</span> <span class='ocrx_word' id='word_1_35' title='bbox 512 1067 719 1154; x_wconf 80' lang='lat' dir='ltr'>aufugiens</span> <span class='ocrx_word' id='word_1_36' title='bbox 747 1070 946 1152; x_wconf 88' lang='lat' dir='ltr'>aspectum</span> <span class='ocrx_word' id='word_1_37' title='bbox 973 1070 1122 1169; x_wconf 76' lang='lat' dir='ltr'>maesta</span> <span class='ocrx_word' id='word_1_38' title='bbox 1146 1091 1214 1153; x_wconf 91' lang='lat' dir='ltr'>pa·</span> 
     </span>
     <span class='ocr_line' id='line_1_10' title="bbox 242 1160 1216 1347; baseline -0.004 -35"><span class='ocrx_word' id='word_1_39' title='bbox 242 1245 341 1312; x_wconf 90' lang='lat' dir='ltr'>Huic</span> <span class='ocrx_word' id='word_1_40' title='bbox 362 1244 493 1331; x_wconf 81' lang='lat' dir='ltr'>Equus</span> <span class='ocrx_word' id='word_1_41' title='bbox 515 1243 587 1309; x_wconf 91' lang='lat' dir='ltr'>ille</span> <span class='ocrx_word' id='word_1_42' title='bbox 609 1243 739 1309; x_wconf 90' lang='lat' dir='ltr'>iubam</span> <span class='ocrx_word' id='word_1_43' title='bbox 762 1243 941 1329; x_wconf 87' lang='lat' dir='ltr'>quatiens</span> <span class='ocrx_word' id='word_1_44' title='bbox 963 1160 1121 1347; x_wconf 58' lang='lat' dir='ltr'>fdlgdlrse</span> <span class='ocrx_word' id='word_1_45' title='bbox 1143 1245 1216 1309; x_wconf 93' lang='lat' dir='ltr'>mi·</span> 
     </span>
     <span class='ocr_line' id='line_1_11' title="bbox 243 1337 1304 1523; baseline -0.002 -33"><span class='ocrx_word' id='word_1_46' title='bbox 243 1421 434 1490; x_wconf 83' lang='lat' dir='ltr'>Summum</span> <span class='ocrx_word' id='word_1_47' title='bbox 474 1419 672 1507; x_wconf 82' lang='lat' dir='ltr'>contingit</span> <span class='ocrx_word' id='word_1_48' title='bbox 713 1425 829 1506; x_wconf 86' lang='lat' dir='ltr'>caput</span> <span class='ocrx_word' id='word_1_49' title='bbox 865 1420 972 1523; x_wconf 87' lang='lat' dir='ltr'>alvo,</span> <span class='ocrx_word' id='word_1_50' title='bbox 1013 1337 1216 1506; x_wconf 56' lang='lat' dir='ltr'>diellllaque</span> <span class='ocrx_word' id='word_1_51' title='bbox 1303 1452 1304 1495; x_wconf 54' lang='grc' dir='ltr'>ι</span> 
     </span>
     <span class='ocr_line' id='line_1_12' title="bbox 244 1532 1304 1684; baseline -0.004 -16"><span class='ocrx_word' id='word_1_52' title='bbox 244 1600 327 1668; x_wconf 90' lang='lat' dir='ltr'>Una</span> <span class='ocrx_word' id='word_1_53' title='bbox 353 1601 468 1666; x_wconf 83' lang='lat' dir='ltr'>tenet</span> <span class='ocrx_word' id='word_1_54' title='bbox 485 1598 660 1684; x_wconf 82' lang='lat' dir='ltr'>duplices</span> <span class='ocrx_word' id='word_1_55' title='bbox 683 1597 873 1664; x_wconf 89' lang='lat' dir='ltr'>communi</span> <span class='ocrx_word' id='word_1_56' title='bbox 895 1532 1213 1665; x_wconf 59' lang='lat' dir='ltr'>luilldogldlmas</span> <span class='ocrx_word' id='word_1_57' title='bbox 1229 1618 1253 1657; x_wconf 84' lang='lat' dir='ltr'>u</span> <span class='ocrx_word' id='word_1_58' title='bbox 1303 1570 1304 1627; x_wconf 69' lang='lat'>}</span> 
     </span>
     <span class='ocr_line' id='line_1_13' title="bbox 243 1686 1216 1772; baseline -0.003 -16"><span class='ocrx_word' id='word_1_59' title='bbox 243 1690 453 1756; x_wconf 87' lang='lat' dir='ltr'>Aeternum</span> <span class='ocrx_word' id='word_1_60' title='bbox 472 1708 514 1753; x_wconf 87' lang='lat' dir='ltr'>ex</span> <span class='ocrx_word' id='word_1_61' title='bbox 534 1686 654 1753; x_wconf 86' lang='lat' dir='ltr'>astris</span> <span class='ocrx_word' id='word_1_62' title='bbox 675 1687 834 1772; x_wconf 89' lang='lat' dir='ltr'>cupiens</span> <span class='ocrx_word' id='word_1_63' title='bbox 849 1691 1050 1754; x_wconf 82' lang='lat' dir='ltr'>conectere</span> <span class='ocrx_word' id='word_1_64' title='bbox 1063 1688 1216 1753; x_wconf 92' lang='lat' dir='ltr'>nodum.</span> 
     </span>
     <span class='ocr_line' id='line_1_14' title="bbox 243 1774 1181 1861; baseline -0.003 -17"><span class='ocrx_word' id='word_1_65' title='bbox 243 1778 342 1845; x_wconf 84' lang='lat' dir='ltr'>Exin</span> <span class='ocrx_word' id='word_1_66' title='bbox 364 1775 559 1842; x_wconf 85' lang='lat' dir='ltr'>contortis</span> <span class='ocrx_word' id='word_1_67' title='bbox 582 1774 696 1840; x_wconf 86' lang='lat' dir='ltr'>Aries</span> <span class='ocrx_word' id='word_1_68' title='bbox 719 1797 801 1841; x_wconf 86' lang='lat' dir='ltr'>cum</span> <span class='ocrx_word' id='word_1_69' title='bbox 825 1776 1006 1842; x_wconf 90' lang='lat' dir='ltr'>cornibus</span> <span class='ocrx_word' id='word_1_70' title='bbox 1028 1775 1181 1861; x_wconf 78' lang='lat' dir='ltr'>haeret3</span> 
     </span>
    </p>
   </div>
   <div class='ocr_carea' id='block_1_6' title="bbox 200 1903 453 1990">
    <p class='ocr_par' dir='ltr' id='par_1_6' title="bbox 200 1903 453 1990">
     <span class='ocr_line' id='line_1_15' title="bbox 200 1903 453 1990; baseline -0.016 -21"><span class='ocrx_word' id='word_1_71' title='bbox 200 1925 295 1990; x_wconf 91' lang='lat' dir='ltr'>quem</span> <span class='ocrx_word' id='word_1_72' title='bbox 318 1903 453 1987; x_wconf 89' lang='lat' dir='ltr'>propter</span> 
     </span>
    </p>
   </div>
   <div class='ocr_carea' id='block_1_7' title="bbox 187 1992 1303 2182">
    <p class='ocr_par' dir='ltr' id='par_1_7' title="bbox 187 1992 1303 2182">
     <span class='ocr_line' id='line_1_16' title="bbox 187 1992 1303 2092; baseline -0.004 -17"><span class='ocrx_word' id='word_1_73' title='bbox 187 2007 190 2012; x_wconf 75' lang='grc'><strong>’</strong></span> <span class='ocrx_word' id='word_1_74' title='bbox 244 2009 389 2092; x_wconf 83' lang='lat' dir='ltr'>Pisces,</span> <span class='ocrx_word' id='word_1_75' title='bbox 404 2029 563 2091; x_wconf 89' lang='lat' dir='ltr'>quorum</span> <span class='ocrx_word' id='word_1_76' title='bbox 577 2007 679 2072; x_wconf 89' lang='lat' dir='ltr'>alter</span> <span class='ocrx_word' id='word_1_77' title='bbox 693 2006 849 2092; x_wconf 86' lang='lat' dir='ltr'>paulum</span> <span class='ocrx_word' id='word_1_78' title='bbox 863 2006 1109 2091; x_wconf 87' lang='lat' dir='ltr'>praelabitur</span> <span class='ocrx_word' id='word_1_79' title='bbox 1123 2011 1216 2072; x_wconf 86' lang='lat' dir='ltr'>ante</span> <span class='ocrx_word' id='word_1_80' title='bbox 1301 1992 1303 1995; x_wconf 27' lang='lat'>⁸</span> 
     </span>
     <span class='ocr_line' id='line_1_17' title="bbox 243 2094 1253 2182; baseline -0.009 -19"><span class='ocrx_word' id='word_1_81' title='bbox 243 2098 293 2164; x_wconf 80' lang='lat' dir='ltr'>Et</span> <span class='ocrx_word' id='word_1_82' title='bbox 316 2095 437 2181; x_wconf 81' lang='lat' dir='ltr'>magis</span> <span class='ocrx_word' id='word_1_83' title='bbox 455 2094 664 2161; x_wconf 85' lang='lat' dir='ltr'>horriferis</span> <span class='ocrx_word' id='word_1_84' title='bbox 683 2094 879 2180; x_wconf 92' lang='lat' dir='ltr'>aquilonis</span> <span class='ocrx_word' id='word_1_85' title='bbox 899 2095 1078 2182; x_wconf 80' lang='lat' dir='ltr'>tangitur</span> <span class='ocrx_word' id='word_1_86' title='bbox 1096 2096 1215 2161; x_wconf 89' lang='lat' dir='ltr'>auris.</span> <span class='ocrx_word' id='word_1_87' title='bbox 1230 2114 1253 2154; x_wconf 82' lang='lat' dir='ltr'>u</span> 
     </span>
    </p>
   </div>
   <div class='ocr_carea' id='block_1_8' title="bbox 147 2194 1026 2323">
    <p class='ocr_par' dir='ltr' id='par_1_8' title="bbox 147 2194 1026 2323">
     <span class='ocr_line' id='line_1_18' title="bbox 147 2194 1026 2323; baseline 0.001 -39"><span class='ocrx_word' id='word_1_88' title='bbox 147 2194 267 2323; x_wconf 45' lang='grc' dir='ltr'>’ἔξω</span> <span class='ocrx_word' id='word_1_89' title='bbox 289 2220 386 2307; x_wconf 88' lang='lat' dir='ltr'>pedes</span> <span class='ocrx_word' id='word_1_90' title='bbox 409 2218 635 2287; x_wconf 80' lang='lat' dir='ltr'>Andromedae</span> <span class='ocrx_word' id='word_1_91' title='bbox 657 2218 795 2285; x_wconf 90' lang='lat' dir='ltr'>Perseus</span> <span class='ocrx_word' id='word_1_92' title='bbox 818 2217 1026 2303; x_wconf 88' lang='lat' dir='ltr'>describitur,</span> 
     </span>
    </p>
   </div>
   <div class='ocr_carea' id='block_1_9' title="bbox 244 2341 1303 2960">
    <p class='ocr_par' dir='ltr' id='par_1_9' title="bbox 244 2341 1303 2960">
     <span class='ocr_line' id='line_1_19' title="bbox 245 2341 1216 2428; baseline -0.001 -18"><span class='ocrx_word' id='word_1_93' title='bbox 245 2344 360 2422; x_wconf 79' lang='lat' dir='ltr'>Quem</span> <span class='ocrx_word' id='word_1_94' title='bbox 392 2365 536 2409; x_wconf 89' lang='lat' dir='ltr'>summa</span> <span class='ocrx_word' id='word_1_95' title='bbox 559 2342 605 2408; x_wconf 93' lang='lat' dir='ltr'>ab</span> <span class='ocrx_word' id='word_1_96' title='bbox 632 2343 793 2427; x_wconf 84' lang='lat' dir='ltr'>regione</span> <span class='ocrx_word' id='word_1_97' title='bbox 821 2341 1021 2428; x_wconf 89' lang='lat' dir='ltr'>aquilonis</span> <span class='ocrx_word' id='word_1_98' title='bbox 1047 2341 1216 2409; x_wconf 91' lang='lat' dir='ltr'>flamina</span> 
     </span>
     <span class='ocr_line' id='line_1_20' title="bbox 245 2430 1215 2607; baseline -0.006 -17"><span class='ocrx_word' id='word_1_99' title='bbox 245 2521 362 2590; x_wconf 80' lang='lat' dir='ltr'>Cuius</span> <span class='ocrx_word' id='word_1_100' title='bbox 391 2524 555 2607; x_wconf 86' lang='lat' dir='ltr'>propter</span> <span class='ocrx_word' id='word_1_101' title='bbox 581 2519 735 2585; x_wconf 85' lang='lat' dir='ltr'>laevum</span> <span class='ocrx_word' id='word_1_102' title='bbox 763 2540 882 2607; x_wconf 80' lang='lat' dir='ltr'>genus</span> <span class='ocrx_word' id='word_1_103' title='bbox 910 2430 1215 2605; x_wconf 58' lang='lat' dir='ltr'>onidiseaxniiarte</span> 
     </span>
     <span class='ocr_line' id='line_1_21' title="bbox 244 2608 1142 2801; baseline -0.008 -33"><span class='ocrx_word' id='word_1_104' title='bbox 244 2701 395 2801; x_wconf 43' lang='lat' dir='ltr'>Parrus,</span> <span class='ocrx_word' id='word_1_105' title='bbox 414 2696 616 2798; x_wconf 77' lang='lat' dir='ltr'>Vergilias</span> <span class='ocrx_word' id='word_1_106' title='bbox 639 2696 746 2762; x_wconf 89' lang='lat' dir='ltr'>tenui</span> <span class='ocrx_word' id='word_1_107' title='bbox 769 2719 851 2799; x_wconf 78' lang='lat' dir='ltr'>cum</span> <span class='ocrx_word' id='word_1_108' title='bbox 874 2608 1142 2798; x_wconf 58' lang='lat' dir='ltr'>luceldillleliiss.</span> 
     </span>
     <span class='ocr_line' id='line_1_22' title="bbox 244 2785 1303 2871; baseline -0.011 -16"><span class='ocrx_word' id='word_1_109' title='bbox 244 2789 336 2855; x_wconf 91' lang='lat' dir='ltr'>Inde</span> <span class='ocrx_word' id='word_1_110' title='bbox 354 2786 468 2853; x_wconf 86' lang='lat' dir='ltr'>F1des</span> <span class='ocrx_word' id='word_1_111' title='bbox 490 2789 622 2871; x_wconf 80' lang='lat' dir='ltr'>posita</span> <span class='ocrx_word' id='word_1_112' title='bbox 644 2789 683 2851; x_wconf 89' lang='lat' dir='ltr'>et</span> <span class='ocrx_word' id='word_1_113' title='bbox 705 2785 847 2851; x_wconf 85' lang='lat' dir='ltr'>levrter</span> <span class='ocrx_word' id='word_1_114' title='bbox 865 2807 1032 2851; x_wconf 84' lang='lat' dir='ltr'>convexa</span> <span class='ocrx_word' id='word_1_115' title='bbox 1049 2785 1214 2850; x_wconf 81' lang='lat' dir='ltr'>videtur.</span> <span class='ocrx_word' id='word_1_116' title='bbox 1229 2802 1254 2843; x_wconf 82' lang='lat' dir='ltr'>ac</span> <span class='ocrx_word' id='word_1_117' title='bbox 1302 2804 1303 2825; x_wconf 56' lang='lat'>¹</span> 
     </span>
     <span class='ocr_line' id='line_1_23' title="bbox 244 2872 1163 2960; baseline -0.005 -17"><span class='ocrx_word' id='word_1_118' title='bbox 244 2872 337 2943; x_wconf 88' lang='lat' dir='ltr'>Inde</span> <span class='ocrx_word' id='word_1_119' title='bbox 360 2880 419 2942; x_wconf 87' lang='lat' dir='ltr'>est</span> <span class='ocrx_word' id='word_1_120' title='bbox 443 2875 524 2940; x_wconf 91' lang='lat' dir='ltr'>ales</span> <span class='ocrx_word' id='word_1_121' title='bbox 548 2872 642 2938; x_wconf 88' lang='lat' dir='ltr'>Avis</span> <span class='ocrx_word' id='word_1_122' title='bbox 666 2873 748 2939; x_wconf 90' lang='lat' dir='ltr'>lato</span> <span class='ocrx_word' id='word_1_123' title='bbox 771 2874 841 2939; x_wconf 91' lang='lat' dir='ltr'>sub</span> <span class='ocrx_word' id='word_1_124' title='bbox 865 2874 1030 2960; x_wconf 85' lang='lat' dir='ltr'>tegmine</span> <span class='ocrx_word' id='word_1_125' title='bbox 1053 2874 1163 2939; x_wconf 91' lang='lat' dir='ltr'>caeli.</span> 
     </span>
    </p>
   </div>
   <div class='ocr_carea' id='block_1_10' title="bbox 200 2996 1217 3175">
    <p class='ocr_par' dir='ltr' id='par_1_10' title="bbox 200 2996 1217 3175">
     <span class='ocr_line' id='line_1_24' title="bbox 200 2996 1217 3087; baseline -0.005 -20"><span class='ocrx_word' id='word_1_126' title='bbox 200 3000 310 3087; x_wconf 82' lang='lat' dir='ltr'>Capiti</span> <span class='ocrx_word' id='word_1_127' title='bbox 334 3002 444 3065; x_wconf 86' lang='lat' dir='ltr'>autem</span> <span class='ocrx_word' id='word_1_128' title='bbox 462 2996 549 3081; x_wconf 82' lang='lat' dir='ltr'>Equi</span> <span class='ocrx_word' id='word_1_129' title='bbox 572 2996 721 3082; x_wconf 86' lang='lat' dir='ltr'>proxima</span> <span class='ocrx_word' id='word_1_130' title='bbox 744 3000 795 3062; x_wconf 88' lang='lat' dir='ltr'>est</span> <span class='ocrx_word' id='word_1_131' title='bbox 814 2996 952 3082; x_wconf 84' lang='lat' dir='ltr'>Aquarii</span> <span class='ocrx_word' id='word_1_132' title='bbox 975 2997 1088 3063; x_wconf 82' lang='lat' dir='ltr'>dextra</span> <span class='ocrx_word' id='word_1_133' title='bbox 1111 3001 1217 3062; x_wconf 87' lang='lat' dir='ltr'>totus·</span> 
     </span>
     <span class='ocr_line' id='line_1_25' title="bbox 202 3085 638 3175; baseline -0.014 -19"><span class='ocrx_word' id='word_1_134' title='bbox 202 3113 265 3175; x_wconf 91' lang='lat' dir='ltr'>que</span> <span class='ocrx_word' id='word_1_135' title='bbox 288 3087 439 3172; x_wconf 87' lang='lat' dir='ltr'>deinceps</span> <span class='ocrx_word' id='word_1_136' title='bbox 463 3085 638 3169; x_wconf 88' lang='lat' dir='ltr'>Aquarius.</span> 
     </span>
    </p>
   </div>
   <div class='ocr_carea' id='block_1_11' title="bbox 171 3207 1302 3646">
    <p class='ocr_par' dir='ltr' id='par_1_11' title="bbox 245 3207 1216 3298">
     <span class='ocr_line' id='line_1_26' title="bbox 245 3207 1216 3298; baseline -0.002 -20"><span class='ocrx_word' id='word_1_137' title='bbox 245 3212 339 3278; x_wconf 73' lang='lat' dir='ltr'>&#39;l&#39;um</span> <span class='ocrx_word' id='word_1_138' title='bbox 373 3210 545 3298; x_wconf 85' lang='lat' dir='ltr'>gelidum</span> <span class='ocrx_word' id='word_1_139' title='bbox 573 3208 704 3277; x_wconf 85' lang='lat' dir='ltr'>valido</span> <span class='ocrx_word' id='word_1_140' title='bbox 735 3207 779 3273; x_wconf 90' lang='lat' dir='ltr'>de</span> <span class='ocrx_word' id='word_1_141' title='bbox 808 3211 965 3294; x_wconf 89' lang='lat' dir='ltr'>pectore</span> <span class='ocrx_word' id='word_1_142' title='bbox 994 3208 1122 3296; x_wconf 80' lang='lat' dir='ltr'>frigus</span> <span class='ocrx_word' id='word_1_143' title='bbox 1153 3231 1216 3276; x_wconf 87' lang='lat' dir='ltr'>an·</span> 
     </span>
    </p>

    <p class='ocr_par' dir='ltr' id='par_1_12' title="bbox 171 3297 1302 3646">
     <span class='ocr_line' id='line_1_27' title="bbox 171 3297 1302 3473; baseline -0.011 -17"><span class='ocrx_word' id='word_1_144' title='bbox 171 3420 175 3428; x_wconf 59' lang='lat'>¹</span> <span class='ocrx_word' id='word_1_145' title='bbox 246 3386 417 3473; x_wconf 80' lang='lat' dir='ltr'>Corpore</span> <span class='ocrx_word' id='word_1_146' title='bbox 434 3385 616 3452; x_wconf 87' lang='lat' dir='ltr'>semifero</span> <span class='ocrx_word' id='word_1_147' title='bbox 631 3406 769 3472; x_wconf 77' lang='lat' dir='ltr'>magno</span> <span class='ocrx_word' id='word_1_148' title='bbox 784 3297 1217 3472; x_wconf 54' lang='lat' dir='ltr'>capricorpueslppqrbe,</span> <span class='ocrx_word' id='word_1_149' title='bbox 1231 3403 1256 3444; x_wconf 80' lang='lat' dir='ltr'>rs</span> <span class='ocrx_word' id='word_1_150' title='bbox 1301 3412 1302 3463; x_wconf 59' lang='lat' dir='ltr'>q</span> 
     </span>
     <span class='ocr_line' id='line_1_28' title="bbox 245 3473 1302 3561; baseline -0.004 -19"><span class='ocrx_word' id='word_1_151' title='bbox 245 3475 364 3553; x_wconf 78' lang='lat' dir='ltr'>Quem</span> <span class='ocrx_word' id='word_1_152' title='bbox 386 3498 469 3542; x_wconf 90' lang='lat' dir='ltr'>cum</span> <span class='ocrx_word' id='word_1_153' title='bbox 493 3478 681 3561; x_wconf 88' lang='lat' dir='ltr'>perpetuo</span> <span class='ocrx_word' id='word_1_154' title='bbox 704 3473 870 3539; x_wconf 86' lang='lat' dir='ltr'>vestivit</span> <span class='ocrx_word' id='word_1_155' title='bbox 891 3473 1035 3539; x_wconf 90' lang='lat' dir='ltr'>lumine</span> <span class='ocrx_word' id='word_1_156' title='bbox 1058 3473 1187 3558; x_wconf 81' lang='lat' dir='ltr'>Titan,</span> <span class='ocrx_word' id='word_1_157' title='bbox 1301 3476 1302 3551; x_wconf 62' lang='lat' dir='ltr'>l</span> 
     </span>
     <span class='ocr_line' id='line_1_29' title="bbox 244 3562 1302 3646; baseline -0.001 -18"><span class='ocrx_word' id='word_1_158' title='bbox 244 3564 1218 3646; x_wconf 82' lang='lat' dir='ltr'>Bnrmaliflectenscontorquettemporecurrum.</span> <span class='ocrx_word' id='word_1_159' title='bbox 1301 3562 1302 3603; x_wconf 66' lang='lat' dir='ltr'>l</span> 
     </span>
    </p>
   </div>
   <div class='ocr_carea' id='block_1_12' title="bbox 0 0 1338 3908">
    <p class='ocr_par' dir='ltr' id='par_1_13' title="bbox 0 0 1338 3908">
     <span class='ocr_line' id='line_1_30' title="bbox 0 0 1338 3908; baseline 0 0"><span class='ocrx_word' id='word_1_160' title='bbox 0 0 1338 3908; x_wconf 95' lang='lat' dir='ltr'> </span> 
     </span>
    </p>
   </div>
  </div>
 </body>
</html>
