2654 3912
408 231 474 286 ure.
495 232 541 285 lv.
562 228 637 286 CAP.
658 236 865 295 1-5.§1-5.
1079 228 1146 292 355

202 375 250 441 M.
271 375 394 440 Tntlins
415 376 452 439 de
472 394 506 439 re
521 374 607 456 pnbl.
631 373 681 439 tn.
699 372 768 437 IV:
791 394 857 438 non
880 372 977 438 modo
995 376 1033 438 ut
1051 369 1144 457 Spar-

135 467 199 546 tae,
217 485 331 548 rapere
350 462 408 528 ubi
426 462 519 547 pueri
537 467 570 526 et
588 462 714 547 clepere
732 461 868 526 discunt.
891 461 990 545 (Non.
993 482 1027 543 p.
1037 466 1090 527 20.
1099 462 1145 545 4.)

202 550 253 616 De
271 551 464 616 Cretensibus
485 552 665 633 accepimns,
687 552 767 632 qnod
788 551 824 614 in
845 569 964 615 annones
975 570 1146 632 panonnia

135 642 370 721 intemperantes
389 639 521 720 snaint,
548 640 629 721 qnod
642 644 751 722 postca
772 640 807 702 in
829 638 973 703 Laconas
994 638 1080 703 etin
1102 642 1145 702 ta·

109 734 201 793 stam
221 728 386 794 Graeciam
408 729 594 793 transisitum
616 733 669 806 est,
690 729 765 792 adea
787 731 824 792 nt
844 733 873 791 et
890 725 993 792 Cicero
1011 727 1095 791 dicat
1111 727 1146 791 in

137 817 224 881 tibris
246 817 282 882 alc
303 816 479 899 republica
502 816 677 901 opprobrio
699 815 800 880 fuisse
820 815 1094 897 adulescentibus,
1117 814 1147 878 si

90 943 96 964 i
136 907 299 970 amatores
317 926 384 969 non
401 904 567 970 haberent.
595 904 737 989 (Sanina
754 906 798 970 ad
816 905 901 987 Vap.
915 906 993 969 Aen.
1011 903 1047 969 X
1057 902 1146 986 325.)

210 993 406 1058 ...nudari
423 994 587 1077 puberem.
623 992 677 1058 Ita
695 997 771 1058 sunt
789 993 856 1058 alte
874 992 1015 1079 repetita
1036 994 1077 1073 [p.
1095 1007 1144 1055 113
1163 968 1186 1092 ff

137 1083 230 1165 quasi
252 1081 464 1146 fundamenta
501 1081 658 1165 quaedam
694 1081 912 1146 verecundiae.
962 1079 1145 1146 Iuventutis

98 1188 123 1227 ιο
137 1192 212 1235 vero
245 1171 432 1235 exercitatio
464 1192 561 1254 quam
592 1170 732 1234 absurda
759 1169 794 1233 in
822 1169 1014 1256 gymnasiis!
1047 1190 1147 1253 quam

136 1257 219 1323 levis
242 1258 441 1343 epheborum
463 1258 522 1323 illa
543 1258 677 1322 militie!
701 1280 798 1342 quam
822 1258 1094 1323 contrectationes
1113 1261 1146 1321 et

136 1367 263 1412 amores
291 1347 391 1412 soluti
418 1350 451 1412 et
478 1345 585 1411 liberi!
616 1346 713 1411 mitto
736 1345 822 1431 apud
844 1345 943 1411 Eleos
966 1348 999 1410 et
1022 1345 1146 1410 Theba·

135 1456 209 1518 nos,
247 1434 333 1519 apud
365 1456 446 1519 quos
475 1434 510 1499 in
537 1456 646 1499 amore
674 1435 888 1519 ingenuorum
915 1433 1018 1498 libido
1047 1434 1146 1498 etiam

136 1523 330 1609 permissam
352 1523 453 1588 habet
475 1527 508 1588 et
531 1523 674 1587 solutam
696 1523 877 1606 licentiam3
898 1521 1146 1588 Lacedaemonii

98 1628 124 1670 rs
137 1612 210 1696 ipsi,
233 1634 306 1676 cum
326 1612 332 1694 Ι
351 1612 460 1677 omnia
483 1612 661 1677 concedunt
683 1610 718 1675 in
736 1632 845 1675 amore
864 1611 1017 1675 iuvenum
1036 1613 1078 1692 [p.
1096 1626 1147 1675 114

137 1703 267 1784 praeter
286 1704 445 1784 stuprum,
463 1700 553 1764 tenui
572 1721 649 1764 sane
668 1720 760 1764 muro
780 1699 982 1784 dissaepiunt
999 1699 1041 1783 id,
1061 1699 1147 1783 quod

138 1788 315 1873 excipiunt3
347 1789 520 1873 conplexus
552 1788 638 1852 enim
671 1788 923 1872 concubitusque
952 1787 1147 1873 permittunt

138 1876 249 1962 palliis
281 1875 470 1942 interiectis.
511 1875 573 1942 Hic
602 1875 746 1940 Laelius:
777 1875 948 1941 Praeclare
979 1876 1146 1960 intellego,

139 1963 260 2051 Scipio,
287 1968 321 2030 te
346 1964 382 2029 in
404 1964 445 2029 iis
469 1963 623 2031 Graeciae
646 1965 840 2049 disciplinis,
867 1986 948 2049 quas
971 1965 1147 2049 reprendis,

98 2071 125 2111 20
138 2075 211 2118 cum
229 2052 360 2139 populis
378 2053 589 2118 nobilissimis
608 2053 707 2118 malle
727 2075 825 2137 quum
843 2074 916 2118 cum
936 2056 994 2118 tuo
1008 2051 1147 2118 Platone

137 2141 262 2225 luctari,
286 2140 383 2227 duem
399 2163 441 2206 ne
459 2142 596 2228 attingis
615 2142 754 2227 quidem,
772 2141 965 2227 praesertim
983 2163 1071 2206 cum.
1087 2191 1093 2205 .
1109 2192 1115 2206 .
1131 2191 1138 2207 .
1288 2207 1291 2217 ,

204 2230 300 2296 Piato
311 2280 318 2295 .
329 2232 421 2313 ania
433 2232 522 2296 dean
534 2233 697 2313 ipnorauit,
710 2233 746 2295 in
759 2231 865 2296 nnitis
878 2232 925 2294 ita
934 2231 1038 2313 lapsas
1047 2236 1098 2308 est,
1111 2235 1147 2294 at
1164 2202 1186 2330 ξ

136 2339 224 2393 nemo
246 2319 377 2385 datatim
394 2321 549 2398 erraverit,
571 2320 606 2383 in
618 2321 734 2401 primis
751 2320 832 2401 qaod
847 2321 883 2385 in
902 2318 989 2387 libne
1006 2319 1146 2387 civilitas

138 2409 244 2472 anania
257 2408 397 2473 omnibns
409 2408 508 2473 aotnit
518 2428 579 2473 esse
591 2409 775 2473 annnania.
804 2407 854 2473 De
861 2410 1064 2491 patrimoniis
1078 2409 1146 2475 tote·

97 2496 235 2561 arante
252 2501 303 2572 est,
322 2496 389 2561 ticet
407 2497 450 2560 sit
465 2497 632 2573 ininstnni;
655 2516 709 2561 nec
725 2498 808 2560 asim
825 2497 992 2561 annotasse
1003 2501 1146 2578 aiiqnam

138 2584 228 2662 debet,
241 2585 270 2648 si
282 2604 341 2648 sna
354 2585 511 2649 indnstria
517 2584 593 2666 pins
605 2583 700 2664 tabet,
716 2590 773 2648 ant
779 2586 930 2666 prodesse,
943 2585 973 2649 si
986 2604 1044 2649 sna
1057 2585 1147 2665 anna

138 2672 257 2747 sainna
274 2672 335 2750 sed,
348 2677 384 2735 nt
395 2673 473 2750 dini,
481 2677 581 2753 potest
592 2673 697 2754 aiiqao
711 2673 798 2736 moda
809 2672 896 2752 ferni.
918 2670 1067 2736 Etiamne
1079 2692 1146 2736 con-

138 2760 231 2841 inpes
248 2760 378 2824 ananan
396 2760 484 2825 tiberi
500 2780 672 2825 commanus
685 2759 798 2825 anni?
825 2760 900 2824 Non
912 2761 972 2825 enit
984 2761 1147 2843 sanpaini's

137 2847 205 2912 ntia
218 2848 372 2913 distinctio
384 2867 438 2912 nec
447 2867 544 2931 penus
557 2853 670 2912 certant
683 2848 885 2930 neefanitiae
893 2868 946 2914 noc
955 2850 1146 2933 copnaiiones

98 2952 126 2993 so
137 2956 192 3000 nee
212 2935 397 3018 edacitates,
418 2937 472 3001 sed
492 2937 572 3001 siant
591 2937 627 3001 in
645 2938 786 3020 prepibns
802 2939 954 3019 pnadninn
972 2938 1101 3020 satfusa
1117 2943 1147 3002 et

138 3025 304 3089 indiscreta
331 3025 449 3108 annia,
475 3025 566 3090 nnita
592 3026 652 3091 erit
673 3027 707 3090 in
729 3026 806 3090 mnis
827 3027 1029 3104 continentia,
1055 3027 1146 3092 nnita

138 3113 174 3176 in
198 3112 323 3193 feminis
343 3113 506 3194 patinea
553 3113 630 3195 Quis
656 3134 718 3179 csse
743 3115 779 3177 in
804 3115 942 3195 atrisque
968 3134 1057 3179 anor
1078 3135 1146 3179 con·

138 3201 252 3283 inpaiis
267 3205 375 3282 potest,
397 3202 433 3265 in
454 3202 563 3283 pastris
584 3222 648 3266 non
668 3207 713 3267 est
736 3206 834 3267 cartas
856 3207 912 3266 ant
923 3203 1073 3284 proprian
1090 3205 1145 3268 ad·

137 3287 256 3370 facins?
282 3289 353 3370 pnis
374 3291 488 3354 aritia
504 3294 628 3372 patrem
643 3291 719 3372 pias
741 3291 902 3373 ipnorans,
923 3291 1006 3356 nnn
1026 3292 1069 3355 sit
1089 3312 1145 3355 na-

99 3394 126 3436 n
139 3376 211 3443 tas?
242 3378 312 3459 qais
338 3378 441 3459 pitiana
466 3377 582 3461 diiipei
608 3398 697 3460 pann
717 3378 843 3460 putabit
863 3377 1026 3443 ationem?
1064 3379 1148 3458 Qain

138 3467 232 3530 etiam
252 3465 379 3546 feminis
401 3468 520 3531 cannia
542 3468 699 3544 reserauit,
728 3467 876 3532 mititiam
897 3471 927 3530 et
947 3468 1148 3548 mapistratns

137 3560 167 3620 et
187 3555 320 3637 imperia
336 3556 488 3637 pannii.
531 3553 656 3635 Qaanta
677 3556 737 3620 erit
757 3555 924 3636 infelicitas
945 3556 1031 3620 ann
1052 3555 1147 3634 illins,

649 3689 652 3695 ,
877 3656 933 3713 23*
