2630 3904
353 1134 676 1211 Anuouiuio
710 1080 945 1216 6616161.

212 1413 363 1468 Librorum
390 1413 430 1468 de
457 1416 581 1469 nutura
608 1415 758 1483 deorum,
787 1415 825 1470 de
854 1416 1086 1486 divinatione,
1115 1418 1155 1475 de

140 1484 214 1540 fato
240 1484 343 1555 optimi
365 1483 477 1539 codices
500 1487 567 1540 suut
582 1485 683 1553 iidem,
706 1486 756 1555 qui
772 1486 896 1555 Luculli,
914 1487 1102 1544 Leidenses
1121 1490 1155 1558 A,

139 1556 172 1623 B,
191 1555 219 1610 H
238 1557 268 1610 et
284 1555 427 1611 Vindob.
446 1555 480 1610 V.
517 1556 594 1611 Haeo
621 1556 709 1611 editio
737 1557 890 1626 diligenter
915 1557 990 1613 infru
1016 1559 1155 1616 rationem

139 1626 284 1681 reddimus
303 1625 405 1694 quibus
423 1625 453 1679 in
470 1627 554 1682 rebus
572 1627 715 1698 discrepet
730 1627 767 1681 eb
782 1627 925 1685 Orelliene
943 1630 1034 1684 alteru
1046 1630 1155 1686 Beiteri

140 1700 172 1754 et
190 1695 307 1752 Christii
325 1713 412 1767 opero
432 1695 510 1752 facto
532 1699 561 1752 et
583 1714 601 1751 6
622 1697 729 1752 Beiteri
751 1697 904 1769 Lipsiensi3
930 1698 960 1753 in
983 1717 1038 1769 quo
1061 1701 1155 1757 fecere

139 1767 563 1909 didisstiiiniifflpiioie
578 1772 1155 1910 9139992939*’299992

141 1917 229 1966 --631
254 1908 288 1964 de
311 1908 363 1963 ille
385 1909 509 1964 editione
533 1910 757 1981 conscripsimus.
794 1910 837 1965 Eu
858 1911 900 1966 itu
918 1913 1092 1969 notavimus:
1112 1915 1154 1971 Pl.

140 1999 205 2041 ann.
247 2026 253 2037 .
272 2011 315 2034 -.

88 2102 91 2106 .
212 1999 244 2105 Ρ)
263 2058 288 2107 4.
308 2057 332 2106 9.
352 2067 411 2119 sqq.
430 2057 488 2106 tam
504 2053 599 2107 ocriae
615 2057 681 2108 suot
697 2083 734 2093 -
751 2059 785 2108 ut
804 2070 906 2124 meone
923 2061 1083 2125 argumento
1100 2072 1155 2112 cese

140 2125 236 2179 debeat
249 2120 334 2191 vulg,
350 2121 485 2188 Schoem,
499 2124 556 2177 siut
568 2139 619 2193 pro
632 2128 699 2178 eunt
711 2122 791 2179 codd.
806 2123 862 2189 AB,
877 2130 909 2179 ut
922 2141 976 2179 om.
990 2125 1051 2193 ΑΗ,
1070 2143 1154 2196 supro

141 2194 190 2250 lin
209 2193 298 2247 hebet
315 2191 347 2258 B,
371 2209 432 2247 cum
454 2198 513 2247 tam
534 2196 630 2248 ocriae
651 2196 709 2249 sint
723 2224 761 2235 -
783 2211 882 2266 meque
905 2212 962 2267 ary.
987 2210 1042 2251 eese
1059 2199 1154 2252 debent

141 2265 214 2318 Bait.
230 2264 274 2318 ed.
288 2262 374 2332 Lips,
392 2265 557 2319 tumueriee
571 2271 686 2321 sunt-
698 2271 731 2320 ut
747 2266 779 2320 id
796 2282 899 2337 maceio,
911 2283 969 2338 ary.
989 2283 1043 2322 eece
1061 2269 1155 2323 debeat

142 2335 185 2391 ed.
200 2335 264 2388 Tur.
280 2365 313 2374 -
327 2333 358 2386 Ρ.
369 2340 393 2388 4.
408 2339 425 2387 8
438 2351 551 2390 vcuusum
564 2342 589 2390 et
597 2336 771 2405 principium
785 2334 920 2402 Schoem,
937 2354 1022 2393 cauca
1030 2339 1153 2408 princip.

144 2406 205 2461 cod.
221 2404 244 2458 B
259 2405 294 2473 (A
308 2407 383 2473 om.),
402 2421 514 2460 caueam
533 2407 565 2461 id
582 2412 621 2461 est
634 2407 726 2476 princ.
740 2405 775 2472 H,
795 2423 906 2462 caueam
923 2406 996 2462 Bait.
1012 2410 1032 2473 Ι,
1046 2411 1154 2478 priuci-

141 2479 220 2547 pium
238 2475 286 2538 ed.
300 2476 334 2529 ΙΙ.
353 2506 390 2516 -
406 2475 436 2530 Ρ.
457 2482 481 2530 4.
506 2481 539 2530 18
571 2476 725 2548 Cyrenaeus
756 2479 944 2548 putauerunt]
964 2477 1037 2535 Bait.
1061 2480 1095 2535 II.
1121 2513 1153 2520 -

141 2548 171 2602 P.
187 2555 212 2602 4.
227 2554 262 2601 23
280 2546 318 2600 iie
336 2544 416 2600 codd.
436 2548 472 2613 (ie
489 2563 626 2616 superior.
645 2548 721 2616 uA),
764 2547 822 2614 uit,
841 2547 968 2603 Schoem.
983 2581 1019 2590 -
1034 2549 1064 2604 P.
1080 2556 1103 2605 5.
1119 2557 1153 2605 29

141 2623 348 2688 imputatum?
368 2614 402 2670 cf.
438 2658 443 2669 .
459 2623 519 2672 228.
534 2624 577 2686 27,
590 2633 649 2688 per.
665 2625 689 2674 9.
705 2625 736 2673 ol
749 2634 790 2672 ex.
806 2651 838 2659 -
853 2618 882 2674 P.
898 2625 923 2674 5.
938 2625 972 2674 97
987 2626 1064 2676 tuoto
1077 2638 1155 2690 opere

142 2690 245 2743 recent
261 2687 338 2755 edd.;
353 2704 379 2741 v.
444 2687 530 2742 Acad.
546 2706 573 2758 p.
589 2694 667 2744 u14.
683 2719 715 2728 -
730 2689 760 2744 P.
771 2695 823 2744 95
838 2691 950 2745 benicet.
966 2708 1017 2745 scr.
1032 2707 1047 2745 e
1063 2691 1154 2760 codd,

142 2760 449 2829 itemp.23.12,44.1‚
464 2765 525 2813 357.
542 2765 574 2812 12
589 2758 660 2827 (cod.
674 2757 752 2814 leid.
761 2759 855 2830 Non),
870 2768 930 2816 663.
945 2767 961 2816 e
976 2762 1063 2829 6166,
1077 2779 1103 2817 v.
1119 2763 1154 2815 de

142 2830 188 2885 fin.
229 2834 310 2884 ,105.
328 2833 369 2893 18,
387 2827 459 2882 Bait.
479 2827 523 2883 ed.
544 2827 588 2884 Or.
607 2830 641 2883 ΙΙ.
659 2848 687 2899 p.
702 2837 761 2886 654.
777 2837 802 2884 9.
817 2863 850 2872 —
869 2831 899 2885 Ρ.
920 2833 1054 2887 7.35116’9
1073 2833 1153 2888 codd.

142 2902 172 2955 et
185 2848 249 2956 edd.
264 2929 299 2940 -
317 2898 346 2954 P.
363 2905 387 2954 8.
404 2906 435 2953 11
454 2900 657 2970 [philosophos]
673 2899 751 2968 Bau,
769 2900 842 2956 Beit
857 2902 891 2957 ΙΙ.
910 2933 946 2943 -
963 2902 993 2958 Ρ.
1009 2908 1033 2957 8.
1049 2909 1154 2958 22--25

141 2971 208 3043 [Ex
225 2987 278 3041 quo
294 3000 332 3011 -
356 2971 512 3041 reuocetur]
533 2970 695 3024 Heindoitio
718 2972 832 3027 auctore
850 2971 954 3027 Baiter.
973 3005 1007 3013 -
1026 2974 1055 3028 P.
1076 2980 1100 3028 8.
1120 2982 1154 3029 32

142 3050 174 3098 ut
191 3049 231 3097 eet
248 3043 281 3096 in
299 3040 322 3096 S
338 3042 415 3110 cept.
442 3040 605 3095 dubitanter
623 3058 679 3096 666.
704 3044 746 3110 (ut
764 3044 796 3097 in
813 3043 989 3114 Sumpteot
1006 3045 1154 3115 Schoem.),

143 3120 174 3168 ut
195 3114 243 3168 die
265 3114 298 3167 in
315 3057 381 3182 dyo.
406 3110 509 3193 Baiter.
532 3143 567 3152 -
590 3111 619 3194 Ρ.
644 3118 669 3168 9.
693 3119 709 3166 3
737 3115 827 3169 nevolt
852 3113 936 3182 Bait,
964 3114 1090 3196 dchoem.
1121 3149 1153 3155 —

142 3183 173 3238 P.
188 3190 213 3238 9.
231 3189 262 3237 17
282 3183 399 3237 exhedra
417 3181 489 3238 Bait.
509 3182 553 3237 ed.
572 3182 658 3252 L1ps,
677 3184 710 3237 ut
726 3182 772 3239 fin.
792 3183 818 3239 V
836 3191 860 3242 2.
879 3192 897 3240 4
916 3186 961 3239 est
977 3203 1008 3238 1n
1026 3185 1154 3240 omnibus

144 3254 236 3321 codd,
255 3254 290 3307 de
309 3269 347 3308 or.
367 3253 407 3307 ΙΙΙ
430 3258 454 3307 5.
476 3259 508 3308 17
532 3253 665 3310 varietur.
685 3284 719 3294 -
742 3253 772 3308 P.
793 3261 818 3310 9.
837 3262 871 3309 22
890 3256 1108 3326 Peropportune
1126 3259 1156 3311 et

141 3344 168 3380 v.
189 3330 223 3380 25
243 3330 406 3394 opportune
428 3322 501 3391 edd,
523 3323 593 3379 item
611 3343 638 3394 p.
658 3331 700 3380 34.
721 3331 763 3393 12,
782 3331 824 3381 66.
844 3332 887 3394 29,
906 3333 949 3383 93.
969 3335 1011 3394 97,
1033 3335 1091 3383 179.
1111 3333 1154 3394 37,

141 3403 204 3452 eoo.
219 3401 264 3462 ec,
282 3395 312 3448 in
326 3393 499 3450 libescere
533 3394 589 3451 ubl.
610 3399 619 3463 (
640 3400 721 3451 ,666
743 3402 785 3462 11,
803 3403 863 3452 eoi.
878 3404 922 3463 66,
940 3403 1003 3452 666.
1022 3401 1049 3466 5)
1069 3397 1155 3452 etiam

141 3467 172 3522 in
192 3465 290 3521 codice
314 3480 375 3519 esse
393 3463 441 3519 vix
464 3413 560 3531 eredo
583 3413 640 3519 vid).
659 3465 701 3546 de·
713 3465 760 3520 fin.
776 3484 805 3588 g.
827 3471 885 3521 188.
907 3473 949 3535 16,
968 3467 1060 3520 Halm.
1079 3467 1153 3520 Lael.

141 3557 170 3609 p.
189 3542 251 3593 918.
271 3542 313 3591 32.
334 3565 367 3577 -
386 3534 416 3591 P.
436 3542 461 3591 9.
480 3542 515 3591 24
533 3536 631 3606 Atque
653 3535 704 3589 alu
723 3535 775 3589 cod
797 3576 812 3603 .,
836 3536 973 3604 Schoem,
992 3536 1080 3604 Atqui
1098 3535 1154 3599 AB,

905 3626 944 3676 a*
