2654 3912
372 237 440 291 ΜΒ.
460 237 507 290 111.
528 235 604 292 cue.
625 242 736 290 14-17.
755 241 770 300 a
789 241 903 289 aa-as.
1092 233 1160 295 445

150 382 258 468 prima
285 382 324 446 de
346 381 595 466 magistratibus
619 379 820 443 mandandis,
865 377 915 443 Ea
938 382 988 441 est
1011 377 1160 459 Gabinia,

152 473 222 536 lata
254 471 295 535 ab
327 470 458 535 homine
489 470 602 554 ignoto
635 473 668 532 et
696 466 834 532 sordido.
885 464 1002 530 Secuta
1029 466 1159 530 biennio

153 563 228 645 post
255 557 369 623 Cassia
399 562 449 622 est
476 557 514 621 de
546 557 659 642 populi
685 555 811 620 iudiciis
844 576 864 619 a
893 553 997 619 nobili
1027 553 1160 618 homine

155 651 232 731 lata,
255 646 291 712 L.
314 645 437 729 Cassio,
460 645 525 730 sed,
548 667 628 730 pace
649 644 794 708 familiae
817 643 961 725 dixerim,
985 642 1160 707 dissidente

126 757 174 801 aa
192 736 286 801 bonis
306 739 402 818 atque
422 734 526 798 omnis
544 733 748 797 rumusculos
763 731 914 817 populari
927 731 1053 796 ratione
1068 753 1161 796 aucu-

154 828 260 908 pante.
297 821 455 888 Carbonis
478 826 529 887 est
550 822 649 886 tertia
672 821 710 885 de
732 820 880 885 iubendis
903 819 1031 905 legibus
1055 841 1092 884 ac
1110 841 1161 884 ve

154 913 275 996 tandis,
307 911 454 976 seditiosi
485 914 583 994 atque
609 909 739 994 inprobi
766 909 861 992 civis,
893 908 944 973 cui
970 930 1011 973 ne
1038 908 1161 973 reditus

155 1001 284 1085 quidem
302 1000 343 1065 ad
361 1001 465 1065 bonos
484 1000 623 1063 salutem
643 1021 662 1062 a
680 997 775 1063 bonis
792 997 901 1081 potuit
920 996 1054 1062 adferre.
1085 994 1159 1061 Uno
1180 1009 1207 1058 a.

155 1091 189 1154 in
216 1110 333 1176 genere
361 1087 501 1172 relinqui
527 1087 697 1151 videbatur
724 1085 813 1151 vocis
844 1085 1048 1171 suffragium,
1076 1085 1160 1169 quod

117 1198 142 1236 ιο
155 1179 226 1262 ipse
244 1176 377 1242 Cassius
400 1180 578 1261 exceperat,
600 1174 840 1260 perduellionis,
875 1172 975 1239 Dedit
992 1173 1067 1239 huic
1086 1195 1162 1257 quo

157 1287 219 1350 que
236 1265 354 1330 iudicio
374 1262 408 1330 C.
428 1263 556 1329 Coelius
574 1263 731 1328 tabellam
750 1262 926 1347 doluitque,
946 1263 1053 1347 quoad
1071 1262 1163 1341 vixit,

157 1377 205 1437 se,
227 1358 265 1419 ut
288 1353 484 1438 opprimeret
508 1351 542 1417 O.
564 1351 741 1437 Popilium,
764 1352 912 1417 nocuisse
934 1351 982 1415 rei
1004 1351 1162 1436 publicae.

157 1443 201 1507 Et
228 1464 307 1507 avus
335 1442 463 1525 quidem
490 1446 603 1506 noster
630 1439 788 1526 singulari
812 1440 932 1504 virtute
955 1439 989 1503 in
1011 1439 1074 1504 hoc
1096 1460 1163 1504 mu·

156 1532 286 1615 uicipio,
309 1532 415 1615 quoad
437 1530 527 1612 vixit,
550 1528 673 1594 restitit
690 1528 734 1592 M.
753 1526 910 1610 Gratidi0,
933 1528 1023 1593 cuius
1046 1529 1080 1592 in
1098 1550 1163 1592 ma·

121 1641 144 1677 u
159 1620 312 1684 trimonio
322 1640 476 1701 sororem,
486 1617 593 1682 aviam
602 1620 759 1699 nostram,
769 1616 921 1699 habebat,
929 1616 1048 1681 ferenti
1056 1617 1163 1702 legem

157 1708 378 1790 tabellariam3
401 1707 564 1772 excitabat
586 1705 671 1770 enim
694 1705 811 1770 fluctus
834 1705 870 1769 in
892 1705 1042 1790 simpulo,
1064 1708 1102 1769 ut
1120 1705 1164 1769 di-

158 1799 251 1879 eitur,
269 1794 445 1878 Gratidius,
464 1817 545 1879 quos
563 1798 639 1879 post
657 1794 743 1858 filius
763 1793 831 1857 eius
844 1793 968 1857 Marius
983 1794 1019 1857 in
1032 1794 1163 1879 Aegaeo

158 1884 312 1949 excitavit
343 1884 434 1948 mari.
485 1883 533 1948 Ac
564 1887 678 1947 nostro
709 1881 837 1966 quidem
866 1882 955 1965 †qui
985 1903 1083 1965 quom
1112 1903 1164 1945 res

159 1976 245 2037 esset
267 1973 308 2036 ad
332 1994 366 2036 se
389 1971 506 2053 delata,
528 1970 571 2034 M.
590 1968 728 2035 Scaurus
747 1969 873 2035 consul:
897 1969 1096 2053 ‘Utinam',
1118 1970 1165 2033 in-

119 2081 145 2120 ro
159 2061 244 2145 quit,
277 2060 334 2124 ‘M.
364 2057 510 2140 Cicero,
541 2059 619 2123 isto
652 2059 777 2123 animo
807 2062 922 2143 atque
948 2058 1098 2123 'virtute
1126 2058 1165 2123 in

159 2171 304 2215 summa
331 2170 370 2213 re
399 2148 556 2233 publica
584 2147 783 2213 nobiscum
811 2145 961 2211 versari
988 2168 1098 2231 quam
1127 2146 1167 2211 in

159 2236 387 2321 municipali
414 2235 651 2301 maluissesl'
698 2234 802 2310 Quam
830 2236 871 2299 ob
899 2256 982 2318 rem,
1012 2235 1216 2320 quoniamst

159 2350 225 2392 non
246 2326 505 2411 recognoscimus
523 2347 608 2390 nunc
626 2325 715 2410 leges
733 2324 845 2409 populi
863 2322 1012 2406 Romani,
1035 2324 1091 2388 sed
1110 2326 1167 2388 aut

160 2416 336 2499 repetimus
360 2418 488 2499 ereptas
511 2418 568 2477 aut
590 2434 692 2478 novas
715 2413 895 2496 scribimus,
917 2434 983 2477 non
1006 2411 1082 2496 quid
1105 2411 1167 2477 hoo

160 2502 455 2672 ltillutblltli
486 2502 604 2652 Pilll'
619 2501 813 2653 distillo
828 2500 1167 2672 ,emp

161 2682 237 2741 tuus
267 2677 418 2759 sustinet,
449 2698 512 2760 quo
540 2680 671 2740 auctore
699 2677 768 2740 lata
796 2610 866 2741 esgsle
894 2677 1019 2742 dicitur.
1064 2612 1167 2741 Tupsi

161 2765 366 2829 tabellarium
399 2764 528 2848 tuleris,
559 2765 629 2848 ipsc
659 2765 857 2850 praestabis3
887 2786 946 2830 nec
973 2765 1060 2830 enim
1086 2764 1167 2829 mihi

137 2866 148 2877 ”
161 2854 270 2937 placet
296 2874 355 2918 nec
382 2853 493 2917 Attico
521 2858 648 2937 nostro,
675 2857 833 2937 quantum
860 2874 878 2917 e
904 2852 998 2918 vultu
1025 2853 1093 2918 eius
1121 2853 1167 2916 in·

122 2961 148 3001 so
162 2942 293 3028 tellego.
337 2941 414 3008 ΑΜ.
435 2940 518 3005 Mihi
540 2963 617 3006 vero
640 2941 724 3006 nihil
746 2963 900 3026 umquam
923 2942 1080 3026 populare
1099 2942 1166 3026 pla·
1179 2942 1219 3006 17

162 3030 238 3115 cuit,
261 3052 396 3114 eamque
420 3030 578 3115 optimam
601 3051 671 3094 rem
693 3030 858 3114 publicam
876 3051 946 3094 esse
965 3030 1045 3114 dico,
1068 3052 1165 3115 quam

161 3119 214 3184 hic
237 3118 350 3184 consul
373 3119 599 3201 constituerat,
623 3140 704 3203 quae
728 3118 772 3182 sit
794 3119 829 3182 in
848 3122 1012 3203 potestate
1031 3119 1168 3204 optimo-

162 3230 242 3271 rum.
269 3208 317 3272 M.
331 3206 399 3271 Vos
419 3207 557 3291 quidem,
578 3210 616 3272 ut
633 3207 735 3291 video,
754 3207 861 3292 legem
881 3207 1077 3290 antiquastis
1098 3207 1167 3271 sine
1185 3218 1220 3267 38
1324 3240 1325 3243 =

162 3296 294 3360 tabella,
332 3292 394 3359 Sed
417 3317 487 3380 ego,
510 3295 572 3360 etsi
595 3295 676 3359 satis
699 3295 781 3360 dixit
803 3317 863 3380 pro
883 3317 917 3360 se
934 3295 971 3359 in
988 3295 1055 3360 illis
1073 3294 1168 3359 libris
1324 3304 1325 3321 ἒ

124 3401 148 3442 ⁸⁵
164 3382 280 3469 Scipio,
303 3386 413 3448 tamen
433 3383 480 3448 ita
498 3383 686 3448 libertatem
708 3384 808 3449 istam
831 3384 956 3470 largior
977 3384 1109 3469 populo,
1131 3387 1169 3448 ut

163 3472 358 3537 auctoritate
378 3475 410 3536 et
429 3472 561 3536 valeant
579 3475 612 3536 et
631 3475 766 3536 utantur
783 3473 871 3538 boni.
903 3471 956 3538 Sic
975 3473 1060 3538 enim
1079 3495 1099 3538 a
1116 3494 1169 3537 me

163 3561 299 3625 recitata
331 3561 383 3625 lex
416 3563 466 3624 est
493 3560 533 3624 de
561 3560 737 3645 suffragiis:
770 3559 1034 3645 Optimatibus
1063 3566 1169 3643 nota,
