2652 3908
187 192 253 265 134
496 190 889 249 euremarouoauu

184 337 337 425 perpauci
363 338 446 404 bene
473 341 623 422 utuntur,
651 338 707 423 qui
729 341 840 404 tamen
861 338 926 424 ipsi
949 361 1045 424 saepe
1065 362 1086 405 a
1108 340 1193 406 male

184 426 353 493 utentibus
376 426 614 512 opprimuntur,
638 425 891 492 innumerabiles
914 432 1024 493 autem
1046 428 1194 513 improbe

184 521 330 599 utuntur,
351 518 390 580 ut
412 515 531 581 donum
553 514 617 583 hcc
635 514 781 581 divinum
798 515 937 581 rationis
956 520 990 581 et
1008 516 1135 582 consilii
1153 517 1194 583 ad

183 604 331 706 fraudem
349 603 545 687 hominibus,
561 624 629 669 non
647 603 689 669 ad
706 603 888 669 bonitatem
901 604 1105 691 impertitum
1123 627 1194 671 esse

131 760 173 888 id
184 693 334 846 ndegddr
330 743 458 868 urgetis
475 779 657 851 identidem,
669 780 838 846 hominum
857 802 928 847 esse
941 781 1041 849 istam
1055 781 1194 868 culpam,
1220 713 1232 752 ⁵

183 891 251 935 non
273 870 421 953 deorum3
442 872 481 934 ut
503 869 532 934 si
554 868 696 935 medicus
720 868 918 956 gravitatem
940 869 1057 955 morbi,
1080 871 1195 958 guber·

184 964 282 1023 nator
299 958 366 1023 vim
384 957 591 1043 tempestatis
610 961 754 1041 accuset,
776 957 840 1023 etsi
857 957 893 1022 hi
911 957 1042 1044 quidem
1060 958 1195 1024 homun-

184 1047 263 1132 culi,
295 1045 351 1112 sed
382 1051 495 1111 tamen
520 1045 658 1112 ridiculi
702 1044 782 1121 Quis
810 1046 897 1112 euim
923 1050 957 1112 te
985 1047 1195 1133 adhibuisset,

185 1134 302 1200 dixerit
332 1134 508 1220 quispiam,
537 1134 566 1199 si
595 1133 661 1200 ista
687 1156 754 1200 non
781 1134 912 1201 esseut?
949 1132 1072 1201 Contra
1099 1135 1195 1214 deum
1209 1156 1234 1194 ιο

185 1224 262 1289 licet
288 1223 454 1308 disputare
482 1222 627 1288 liberius.
672 1220 712 1287 In
738 1222 906 1288 hominum
934 1223 1024 1288 vitiis
1052 1224 1100 1290 ais
1124 1246 1195 1289 esse

185 1313 323 1396 eulpam
358 1311 443 1378 Eam
461 1311 605 1376 dedisses
623 1310 810 1376 hominibus
828 1311 998 1397 rationem,
1017 1334 1100 1397 quae
1114 1314 1195 1378 vitia

185 1401 378 1485 culpamque
396 1400 587 1466 excluderet.
618 1397 686 1465 uni
703 1399 807 1486 igitur
820 1398 910 1466 locus
928 1400 992 1465 tuit
1006 1401 1109 1466 errori
1123 1401 1195 1467 deo·

184 1490 279 1555 rum?
305 1487 393 1554 Nam
411 1488 610 1574 patrimonia
628 1510 686 1574 spe
704 1488 786 1554 bene
804 1488 953 1554 tradendi
971 1488 1195 1575 relinquimus,

186 1599 250 1663 qua
267 1599 440 1664 possumus
453 1576 542 1661 falli3
561 1576 639 1642 deus
652 1575 726 1641 falli
740 1576 797 1662 qui
809 1578 940 1663 potuit?
963 1578 1017 1643 An
1030 1584 1068 1643 ut
1082 1575 1148 1663 Sol,
1161 1579 1196 1643 in
1211 1599 1235 1639 15

184 1688 314 1733 currum
338 1689 410 1732 cum
432 1664 674 1767 Phaethontem
695 1664 800 1730 filium
823 1665 970 1752 sustulit,
993 1672 1051 1733 aut
1073 1666 1195 1753 Neptu-

133 1856 165 1906 e
184 1753 1051 1929 tlte“ttbdltttttttbttlttttt
1066 1760 1196 1927 ‘ibit

185 1955 258 1998 rum
286 1932 353 1997 ista
382 1936 472 2015 sunt,
500 1952 561 1996 nos
589 1935 699 1996 autem
725 1931 914 2017 philosophi
942 1953 1012 1997 esse
1035 1933 1194 2018 volumus,

185 2043 294 2087 rerum
317 2025 475 2104 auctores,
498 2041 564 2085 non
585 2019 780 2084 fabularum.
818 2021 927 2106 Atque
949 2020 985 2085 hi
1002 2024 1112 2086 tamen
1130 2022 1196 2107 ipsi
1209 2041 1236 2081 eo

186 2109 220 2175 di
247 2109 367 2196 poetici
397 2108 426 2173 si
453 2108 592 2173 scissent
606 2107 800 2193 >perniciosa
825 2108 897 2174 fore
922 2107 983 2175 illa
1004 2109 1095 2194 filiis,
1124 2131 1195 2196 pec·

186 2219 276 2263 casse
299 2197 335 2262 in
356 2197 512 2262 beneficio
535 2199 737 2282 putarentur.
772 2195 826 2281 Et,
849 2197 1008 2263 siveram
1027 2203 1086 2283 est,
1109 2198 1196 2282 quod

186 2286 300 2352 Aristo
314 2282 415 2351 Ohius
439 2285 543 2351 dicere
566 2285 704 2371 solebat,
725 2306 840 2352 nocere
863 2285 1068 2351 audientibus
1091 2285 1196 2371 philo·

187 2373 308 2460 sophos
326 2373 376 2457 iis,
399 2374 454 2459 qui
473 2375 555 2439 bene
573 2373 660 2440 dicta
678 2374 764 2439 male
776 2373 1070 2459 interpretarentur
1084 2374 1195 2460 (posse

187 2463 273 2528 enim
300 2467 410 2529 asotos
438 2484 477 2528 ex
504 2461 680 2548 Aristippi,
712 2462 845 2529 acerbos
872 2484 891 2528 e
917 2460 1057 2528 Zenonis
1083 2462 1196 2528 schola
1210 2482 1236 2521 aa

187 2548 302 2638 exire),
324 2572 467 2636 prorsus,
489 2549 528 2635 si,
550 2550 607 2637 qui
629 2551 808 2634 audierunt,
830 2550 944 2616 uitiosi
966 2555 1075 2616 essent
1097 2550 1196 2618 dices·

187 2640 268 2724 suri,
298 2639 384 2725 quod
405 2661 557 2725 perverse
579 2639 850 2725 philosophorum
873 2638 1128 2725 disputationem
1149 2640 1197 2705 in·

186 2732 454 2814 terpretarentur,
475 2731 583 2794 tacere
605 2731 789 2814 praestaret
805 2726 1011 2813 philosophis
1030 2749 1129 2814 quam
1146 2727 1196 2813 iis,

135 2828 168 2879 ⁷8
188 2816 244 2904 qui
271 2839 307 2883 se
334 2816 513 2902 audissent,
542 2838 667 2884 nocere.
711 2813 778 2900 Sic,
804 2815 834 2880 si
859 2815 1008 2883 homines
1035 2817 1195 2883 rationem

187 2907 273 2972 bono
303 2904 439 2972 consilio
469 2927 490 2970 a
515 2903 566 2969 dis
592 2904 834 2971 immortalibus
857 2904 970 2971 datam
991 2905 1027 2970 in
1047 2905 1195 2972 baudem
1210 2922 1238 2961 ³0

185 2994 412 3079 malitiamque
429 2996 631 3076 convertunt,
648 3015 715 3060 non
732 2993 803 3059 dari
819 2993 912 3058 illam
931 3016 1029 3080 quam
1050 2993 1121 3059 dari
1138 2992 1196 3058 hu·

187 3106 284 3150 mano
315 3081 426 3171 generi
453 3080 570 3148 melius
592 3081 663 3146 fuit.
708 3080 770 3166 Ut,
798 3081 829 3147 si
851 3081 993 3148 medicus
1017 3081 1099 3147 sciat
1122 3103 1195 3146 eum

187 3169 1197 3344 ttftmuttlttztt'tffitttttttttpzffit

188 3352 299 3413 vestra
319 3347 386 3411 ista
407 3347 612 3433 providentia
634 3309 905 3432 reprbhendenda,
931 3366 1013 3430 quae
1035 3308 1196 3412 ratidnem
1209 3363 1239 3404 ³⁵

189 3434 313 3500 dederit
334 3434 384 3519 iis,
408 3456 489 3520 quos
512 3435 622 3501 scierit
640 3457 678 3500 ea
695 3456 846 3520 perverse
865 3438 898 3498 et
916 3432 1053 3519 inprobe
1070 3456 1197 3502 usuros.

188 3521 263 3588 Nisi
284 3523 371 3589 forte
393 3522 501 3589 dicitis
524 3545 596 3588 eam
617 3523 767 3588 nescisse.
803 3520 939 3587 Utinam
963 3522 1107 3606 quidem!
1134 3520 1198 3589 Sed
