2654 3924
354 256 422 310 1111
443 256 491 310 111.
512 254 588 312 cnr.
608 240 757 321 aa-aus
776 242 890 310 41-11.
1062 255 1126 320 351

116 401 255 467 beatius.
292 400 354 465 Sed
381 405 491 464 tamen
518 401 571 465 vel
594 421 732 485 regnum
757 401 844 464 malo
869 422 967 484 quam
989 401 1129 466 liberum

105 490 288 575 'populum3
315 489 349 554 id
372 489 458 554 enim
480 488 543 553 tibi
565 492 670 553 restat
694 509 796 574 genus
818 487 1060 554 vitiosissumae
1082 491 1130 554 rei

115 578 276 664 publieae'
290 577 432 644 tertium

184 666 248 733 Hio
266 664 387 750 Scipio:
411 665 596 752 Adgnoseo,
618 665 736 751 inquit,
758 669 852 729 tuum
874 687 1000 731 morem
1020 666 1129 750 istum,
1140 645 1184 771 ᾗ

87 753 224 841 ⁶Spuri,
242 760 403 842 averjsum
421 754 586 821 aratione
604 754 732 840 populi,
755 759 789 818 et
808 776 1006 838 quamquam
1025 755 1066 836 [p.
1077 771 1129 820 298

118 848 229 930 potest
251 844 285 909 id
308 844 412 909 lenius
434 843 523 928 ferri,
546 865 643 929 quam
667 846 704 907 tu
727 843 813 907 soles
830 842 925 926 ferre,
947 846 1058 908 tamen
1076 844 1130 909 ad·

83 998 85 1001 .
118 933 243 999 sentior
265 932 398 1004 nullum,
415 954 486 998 esse
509 932 548 997 de
571 933 677 996 tribus
700 930 752 995 his
776 930 958 1018 generibus,
982 932 1068 1017 quod
1087 932 1131 997 sit

117 1022 323 1108 probandum
355 1021 471 1088 minus.
515 1020 603 1085 lllud
634 1024 746 1085 tamen
771 1042 838 1085 non
865 1020 1031 1086 adsentior
1057 1020 1129 1104 tibi,

116 1114 286 1196 praestare
308 1111 379 1198 regi
403 1111 594 1196 optimatem
621 1110 649 1174 si
672 1109 757 1174 enim
781 1108 941 1194 sapientia
965 1114 1024 1194 est,
1047 1132 1129 1196 quae

75 1217 103 1257 1⁰
118 1200 278 1285 gubernet
300 1222 369 1266 rem
387 1199 562 1285 publicam,
585 1197 662 1282 quid
680 1197 812 1262 tandem
829 1198 974 1282 interest,
996 1199 1077 1264 haee
1095 1201 1130 1264 in

117 1310 224 1354 unone
252 1289 296 1354 sit
324 1311 366 1354 an
393 1293 428 1355 in
454 1288 625 1373 pluribus?
663 1283 726 1351 Sed
749 1306 857 1351 errore
881 1287 1021 1371 quodam
1044 1287 1130 1353 falli·

118 1399 192 1442 mur
209 1377 257 1442 ita
276 1375 486 1462 disputando,
508 1398 581 1442 eum
601 1374 687 1440 enim
706 1378 892 1460 optumates
912 1376 1130 1461 appellantur,

117 1465 202 1529 nihil
234 1469 345 1551 potest
375 1462 487 1551 vildeni
518 1463 763 1550 praestabilium
797 1463 874 1548 quid
902 1463 987 1529 enim
1016 1466 1057 1546 [p.
1079 1482 1130 1530 115

119 1557 254 1639 optumo
278 1554 395 1619 melius
418 1553 557 1640 eogitari
577 1552 710 1638 potest?
742 1573 815 1618 oum
839 1557 949 1617 autem
972 1553 1060 1639 regis
1080 1558 1131 1618 est

77 1660 104 1700 1⁵
118 1642 207 1708 facta
230 1643 360 1726 mentio,
384 1643 524 1708 oeourrit
547 1641 663 1706 animis
686 1662 743 1706 rex
761 1639 861 1705 etiam
879 1641 1027 1707 iniustus.
1059 1639 1130 1708 Nos

119 1736 229 1797 autem
257 1732 296 1796 de
323 1731 444 1796 iniusto
472 1752 550 1817 rege
576 1729 659 1795 nihil
682 1729 847 1814 loquimur
869 1752 968 1814 nuno,
995 1752 1068 1795 cum
1092 1730 1130 1797 de

118 1820 190 1905 ipsa
213 1819 317 1907 regali
340 1841 375 1884 re
397 1818 529 1905 publiea
547 1820 741 1904 quaerimus.
778 1816 884 1894 Quare
903 1818 1048 1904 cogitato
1067 1817 1131 1884 Ro·

118 1908 244 1973 mulum
272 1912 329 1974 aut
354 1906 552 1993 Pompilium
582 1911 639 1972 aut
666 1905 811 1972 Tullium
838 1927 963 1993 regem,
989 1906 1130 1973 fortasse

118 2017 186 2062 non
212 2001 281 2061 tam
307 1996 397 2061 illius
425 2000 458 2061 te
481 1995 701 2081 reipublicae
723 1996 912 2080 paenitebit.
952 1996 1001 2062 M.
1024 1994 1129 2072 Quam
1148 2012 1183 2063 48
1319 2000 1320 2031 ³

79 2085 222 2171 sigitur
240 2082 396 2170 relinquis
415 2085 567 2171 populari
585 2083 633 2149 rei
651 2084 801 2170 publicae
818 2084 970 2149 laudem?
994 2082 1028 2151 S.
1046 2084 1130 2150 Tum

1319 2914 1320 2959 1

120 2174 189 2239 ille:
214 2172 320 2250 Quid?
343 2173 406 2238 tibi
424 2174 566 2257 tandem,
588 2170 694 2258 Spuri,
712 2171 925 2258 Rhodiorum,
943 2173 1030 2259 apud
1048 2196 1130 2259 quos

118 2284 222 2348 nuper
249 2261 380 2351 fuilmus
408 2284 486 2346 una,
522 2260 655 2326 nullane
682 2260 811 2327 videtur
838 2283 909 2327 esso
936 2284 988 2328 res
1016 2263 1057 2343 [p.
1079 2279 1129 2329 116

119 2351 272 2437 publiea?
308 2348 357 2418 M.
383 2350 467 2417 Mihi
498 2372 575 2416 uero
604 2350 747 2436 videtur,
778 2354 812 2416 et
839 2350 973 2417 minime
1000 2351 1130 2437 quidem

120 2441 341 2526 vituperanda.
377 2440 410 2506 S.
430 2439 529 2505 Recte
553 2438 649 2524 diois3
672 2438 737 2524 sed,
760 2440 789 2504 si
807 2439 994 2523 meministi,
1018 2462 1130 2506 omnes

81 2543 107 2586 2⁵
121 2533 214 2594 erant
231 2530 330 2595 iidem
348 2533 420 2594 tum
439 2528 478 2594 de
492 2528 597 2614 plebe,
614 2530 685 2592 tum
699 2531 865 2594 senatores
881 2528 1132 2594 vicissitudines·

122 2638 183 2701 que
206 2617 380 2699 habebant,
404 2616 521 2702 quibus
544 2615 710 2681 mensibus
733 2617 884 2702 populari
908 2637 1038 2681 munere
1060 2616 1131 2681 fun·

123 2709 288 2790 gerentur,
315 2707 432 2791 quibus
461 2705 639 2789 senatorio,
666 2704 839 2789 utrobique
862 2708 972 2770 autem
994 2726 1132 2770 convan-

121 2791 235 2858 tioium
257 2792 468 2879 accipiebant,
489 2797 523 2859 et
544 2793 579 2858 in
601 2794 731 2859 theatro
755 2799 789 2858 et
811 2793 846 2858 in
868 2792 1028 2859 11111111
1046 2794 1131 2879 oapi·

122 2881 199 2946 talis
225 2885 258 2946 et
281 2882 422 2966 reliquas
446 2882 551 2947 omnis
574 2882 763 2948 iudicabant
784 2881 897 2965 iidem3
922 2884 1052 2946 tantum
1074 2903 1131 2968 po·

83 2988 109 3030 ao
122 2973 209 3036 terat
231 2970 382 3055 tantique
406 2974 484 3054 erat,
508 2972 622 3055 quanti
646 2970 833 3055 multitudo,
854 2976 994 3037 senatus.
1008 3019 1017 3036 .
1031 3017 1062 3037 ..

437 3094 559 3174 [Multo
580 3096 816 3177 domenatur]

518 3326 730 3336 ἰι-...-
