2652 3920
378 205 446 262 ΜΒ.
464 207 486 262 Ι.
507 205 583 262 cAP.
603 191 751 273 ro-cos
772 212 919 262 roe-no.
1093 204 1156 270 187

143 351 332 437 linquerent
355 351 536 436 armatique
558 350 594 416 in
616 372 697 436 agro
720 351 924 436 excubarent,
948 350 1033 435 quod
1051 353 1158 416 terrae

143 444 256 505 motin
286 439 439 523 instaret,
468 444 539 505 tum
568 460 642 505 cum
672 442 706 504 et
731 439 811 505 urbs
839 442 911 505 tota
938 438 1061 505 corruit
1084 443 1158 504 ete

147 531 259 595 monte
281 526 428 614 Taygeto
456 531 602 593 extrema
629 526 751 593 montis
782 527 876 614 quasi
902 526 1022 613 puppis
1045 528 1158 593 avolsa

145 621 207 683 est.
243 614 294 682 Ne
307 615 508 700 Pherecydes
533 615 671 700 quidem,
693 614 751 681 ille
764 613 972 701 Pythagorae
991 616 1157 703 magister,

113 704 615 878 *ctthdhtlbtt
627 703 1159 880 sluihpiidlmthlldtiil

104 907 109 915 ·
149 881 231 947 dixit
241 881 387 947 andere
419 879 491 948 Nec
510 901 588 946 vero
611 902 766 965 umquam
789 841 916 946 animis
934 881 1077 947 hominis
1094 902 1150 947 na·
1161 880 1211 944 ut

148 970 300 1036 turaliter
327 968 465 1053 divinat,
491 969 556 1034 nisi
583 991 656 1035 cum
678 968 727 1034 ita
749 969 877 1035 solutus
900 972 951 1035 ost
973 974 1008 1035 et
1029 991 1159 1054 vacuus,

148 1063 186 1124 ut
210 1059 244 1124 ei
270 1058 367 1143 plene
395 1057 478 1123 nihil
501 1057 546 1125 sit
567 1078 642 1123 cum
664 1078 813 1142 corpore3
840 1058 926 1144 quod
949 1061 1006 1123 aut
1028 1058 1159 1123 vatibus

104 1167 140 1225 ro
149 1146 311 1233 contingit
340 1149 398 1212 aut
420 1145 664 1213 dormientibus.
709 1144 825 1231 Itaque
848 1167 887 1212 ea
910 1145 972 1212 duo
997 1167 1117 1233 genera
1140 1169 1160 1212 a

149 1234 349 1301 Dicaearcho
371 1234 553 1320 probantur
576 1238 622 1318 et,
644 1238 683 1299 at
705 1234 784 1319 dixi,
807 1255 828 1300 a
851 1231 1008 1321 Cratippo
1030 1239 1159 1318 nostro,

149 1324 179 1390 si
209 1327 398 1409 propterea,
427 1322 514 1408 quod
540 1345 579 1389 ea
605 1322 852 1408 proficiscuntur
880 1345 901 1388 a
929 1327 1062 1408 natura,
1094 1323 1160 1388 sint

149 1433 277 1478 summa
300 1432 391 1496 sune,
422 1412 519 1477 modo
541 1432 582 1476 ne
606 1410 692 1495 sola3
719 1411 770 1477 sin
793 1416 902 1476 cutem
925 1411 1008 1476 nihil
1032 1433 1103 1478 esse
1125 1412 1161 1476 in

149 1500 376 1567 observatione
397 1503 524 1585 putant,
547 1499 653 1564 multa
675 1500 807 1584 tollunt,
829 1499 946 1585 quibus
967 1500 1056 1565 vitae
1074 1500 1159 1567 ratio

105 1608 136 1649 rs
150 1588 344 1656 continetur.
379 1585 444 1653 Sed
465 1587 619 1674 quoniam
638 1587 716 1652 dant
735 1587 868 1673 aliquid,
890 1588 987 1674 idque
1003 1610 1071 1655 non
1088 1610 1161 1674 par·

151 1700 227 1744 vum
238 1676 521 1762 [,vaticinationes
540 1697 613 1742 curn
633 1676 792 1760 somniis]‚
810 1676 894 1741 nihil
908 1680 968 1760 est,
987 1676 1161 1763 quodcum

150 1766 203 1830 his
230 1786 427 1852 magnopere
455 1785 651 1852 pugnemus,
677 1764 869 1850 praesertim
896 1786 970 1830 oum
997 1764 1078 1850 sint,
1127 1765 1161 1830 ui

151 1853 282 1920 omnino
314 1853 439 1919 nullam
472 1852 705 1919 divinationem
736 1853 885 1938 probent
929 1852 1019 1940 Ergo
1051 1856 1086 1919 et
1113 1868 1213 1937 11,114

151 1963 290 2027 quorum
312 1941 413 2007 enimi
435 1942 555 2027 spretis
576 1942 767 2027 corporibus
785 1941 919 2007 evolant
937 1945 1034 2026 atque
1053 1963 1161 2008 excur-

106 2049 137 2090 ro
151 2033 228 2096 runt
258 2028 361 2114 foras,
393 2030 508 2097 ardore
540 2030 650 2117 aliquo
681 2030 875 2096 inflammati
907 2033 1005 2117 atque
1032 2029 1161 2097 incitati

151 2121 286 2185 cernunt
313 2119 373 2184 illa
400 2118 561 2204 profecto,
588 2140 670 2204 quae
697 2117 913 2184 vaticinantes
939 2119 1188 2204 pronuntiant,¹
1316 2146 1317 2185 3

151 2207 328 2292 multisque
350 2207 447 2273 rebus
469 2207 713 2274 inflammantur
735 2207 820 2273 tales
843 2206 954 2293 enimi,
977 2207 1033 2294 qui
1051 2230 1162 2295 corpo·

150 2297 241 2362 ribus
267 2318 334 2363 non
360 2296 544 2380 inhaerent,
570 2299 609 2361 ut
634 2295 672 2380 ii,
700 2295 757 2381 qui
779 2317 859 2362 sono
883 2295 1023 2382 quodam
1045 2317 1161 2362 vocum

151 2388 184 2451 et
205 2383 359 2471 Phrygiis
390 2384 539 2450 cantibus
566 2383 752 2451 incitantur.
797 2383 921 2450 Multos
947 2405 1082 2451 nemora
1109 2385 1161 2450 sil·

106 2491 283 2558 rosaeque,
305 2472 428 2538 multos
451 2493 562 2538 amnes
586 2477 643 2557 aut
665 2473 769 2538 maria
786 2477 1001 2558 commovent,
1024 2494 1161 2558 quorum

150 2559 327 2626 furibunda
353 2581 444 2626 mens
472 2560 561 2627 ridet
589 2564 664 2627 ante
691 2561 811 2645 multo,
838 2562 920 2645 quae
949 2561 1016 2626 sint
1041 2561 1161 2627 futura.

153 2647 223 2725 Quo
247 2648 286 2712 de
310 2668 428 2734 genere
450 2648 511 2714 illa
533 2653 621 2714 sunt:

888 2736 995 2804 Eheu
1018 2737 1162 2804 videtel

196 2823 398 2889 Iudicabit
424 2821 615 2891 inclitum
632 2823 818 2892 iudicium
845 2826 949 2891 inter
976 2826 1065 2892 deris
1087 2826 1162 2892 tris

562 2972 564 2977 ,
913 2914 967 2979 ali
999 2915 1073 2998 uis,

196 2997 276 3077 Quo
294 2999 441 3067 indicio
458 2999 765 3067 Licedaemonic
783 3002 936 3086 mulier,
958 2937 1162 3070 liniarum

99 3165 102 3171 ¹
141 3153 147 3167 ,
773 3095 860 3175 una,
884 3091 1074 3158 adveniet.

106 3196 137 3236 so
151 3177 276 3246 Eodem
298 3177 384 3244 enim
408 3177 505 3244 modo
523 3179 629 3244 multa
646 3201 666 3244 a
683 3179 938 3246 vaticinantibus
955 3201 1053 3267 saepo
1071 3202 1162 3267 prce

152 3266 239 3332 dicta
261 3270 347 3351 sunt,
369 3288 473 3351 neque
497 3266 603 3332 solum
625 3267 742 3349 verbis,
766 3267 823 3333 sed
846 3267 945 3334 etiam

194 3354 1162 3441 Versibus,quosolimFaunivatesquecanebant.
1267 3360 1272 3395 ³

150 3439 307 3508 Similiter
330 3443 471 3509 Marcius
500 3446 533 3509 et
555 3442 723 3510 Publicius
748 3448 842 3510 ratu
869 3444 1023 3510 cecinisse
1046 3446 1215 3512 dicun-115

150 3533 218 3615 tur;
251 3553 316 3616 quo
348 3532 387 3598 de
419 3553 538 3619 genere
570 3532 735 3618 Apollinis
769 3536 901 3620 operta.
915 3532 1046 3617 prolata
1076 3535 1162 3599 sunt.
1241 3536 1266 3631 Ι)

1080 3668 1213 3697 w!
