2630 3904
370 243 437 300 ΜΒ.
457 244 478 300 1.
498 242 575 299 aar.
594 249 707 301 aa-aa.
727 250 742 311 ς
761 251 874 301 er-ee.
1082 245 1127 309 35

111 390 288 542 ffirlatpiq·
303 387 567 541 Nausiphanem,l
581 388 777 490 magistrum
800 410 907 541 apum,
934 410 1040 541 aquo
1063 408 1127 453 coa
1169 359 1245 461 'llil

113 587 172 631 ωε
196 481 1127 651 201&thttttdlttlladrttttllt
1159 481 1179 543 ‘¹

112 676 181 737 ros,
204 653 329 741 figebat
352 654 542 739 maledictis,
565 654 621 719 sed
643 650 798 720 Socraten
818 654 936 740 ipsum,
958 657 1127 740 parantem

84 741 362 828 aphilosophiae,
393 740 511 807 Latino
544 743 644 808 verbo
676 748 947 825 afflurram
979 742 1126 808 Atticum

111 831 218 896 fnisse
238 830 375 915 dicebat,
397 829 616 916 Chrysippum
633 853 811 916 numquam
828 831 892 895 nisi
910 828 1127 916 Chrysippam

111 920 271 1003 vocabat3
302 923 340 985 tu
367 919 436 1004 ipse
463 921 561 1004 paulo
589 923 665 984 ante
691 942 765 985 curn
787 924 954 1003 tamquam
978 923 1127 984 senatum
1145 934 1180 983 94

112 1008 389 1094 philosophorum
412 1009 575 1089 recitares,
598 1029 742 1073 summos
765 1006 851 1073 viros
875 1007 1028 1092 desipere,
1051 1006 1128 1071 deli·

113 1118 200 1180 rare,
226 1096 385 1162 dementis
409 1117 479 1161 esse
502 1095 640 1161 dicebas.
682 1094 824 1172 Quorum
847 1095 992 1162 sinemo
1015 1117 1127 1160 verum

74 1206 102 1245 ro
116 1185 202 1251 vidit
229 1185 269 1250 de
297 1189 415 1250 natura
443 1185 588 1267 deorum,
617 1185 791 1249 verendum
814 1187 876 1267 est,
905 1184 1061 1249 nonulla
1084 1183 1128 1248 sit

116 1273 260 1344 omnino.
306 1272 392 1338 Nam
414 1272 494 1356 ista,
523 1294 604 1357 quae
626 1294 685 1338 vos
708 1273 828 1356 dicitiS,
851 1277 927 1337 sunt
948 1275 1021 1338 tota
1043 1294 1127 1338 com-

116 1361 282 1446 menticia,
299 1361 355 1426 vix
375 1361 475 1447 digna
488 1361 712 1427 lucubratione
726 1362 940 1444 anicularum
962 1362 1127 1427 nonenim

116 1451 263 1532 sentitis,
293 1471 391 1534 quam
414 1449 519 1514 multa
541 1450 634 1515 vobis
658 1449 860 1534 suscipienda
883 1449 961 1533 sint,
989 1450 1016 1514 si
1039 1450 1127 1534 inpe-

115 1538 256 1621 traritis,
279 1542 316 1603 ut
339 1537 550 1604 concedamus
574 1536 708 1603 eandem
730 1536 898 1602 hominum
916 1557 986 1602 esse
1005 1541 1043 1602 et'
1056 1538 1127 1603 deo·

72 1646 99 1686 15
115 1649 191 1691 rum
219 1626 368 1712 figuram.
413 1624 527 1691 Omnis
554 1627 661 1691 cultus
689 1629 723 1691 et
750 1625 873 1691 curatio
897 1625 1042 1709 corporis
1065 1626 1128 1690 erit

115 1715 231 1780 eadem
255 1713 437 1780 adhibenda
460 1713 528 1798 deo,
551 1735 633 1798 quae
657 1713 829 1779 adhibetur
850 1713 984 1798 homini,
1006 1714 1127 1800 ingres·

117 1825 189 1885 sus,
210 1824 334 1885 cursus,
357 1802 527 1887 accubitio,
549 1802 729 1885 inclinatio,
752 1801 863 1885 sessio,
886 1800 1127 1887 conprehensio,

116 1892 160 1956 ad
189 1894 368 1955 extremum
396 1891 495 1956 etiam
524 1912 630 1956 sermo
658 1895 692 1956 et
724 1890 843 1974 orati03
873 1912 950 1955 nam
979 1891 1066 1976 quod
1095 1896 1128 1957 et
1146 1900 1180 1949 95

116 1980 221 2044 maris
245 1978 321 2044 deos
345 1982 378 2044 et
399 1978 537 2044 feminas
560 2001 630 2044 esse
654 1979 774 2063 dicitis,
797 1978 874 2063 quid
897 1984 1061 2064 sequatur,
1083 1980 1128 2045 vi·

75 2087 103 2127 co
118 2068 213 2134 detis.
263 2066 422 2151 Equidem
450 2067 563 2133 mirari
594 2067 675 2133 satis
705 2090 772 2134 non
798 2088 945 2152 possum,
976 2068 1060 2132 unde
1087 2069 1129 2134 ad

118 2158 203 2222 istas
227 2155 394 2241 opiniones
417 2159 526 2221 vester
547 2155 605 2221 ille
627 2156 778 2242 princeps
801 2156 934 2221 venerit.
981 2153 1043 2222 Sed
1066 2158 1128 2223 cla·

118 2267 209 2311 mare
228 2266 294 2310 non
312 2243 459 2310 desinitis
477 2244 681 2309 retinendmn
694 2245 757 2310 hoc
772 2265 850 2328 esse,
871 2244 948 2310 deus
962 2249 999 2310 ut
1012 2246 1127 2311 beatus

117 2332 368 2417 inmortalisque
391 2334 444 2398 sit.
488 2330 572 2408 Quid
595 2337 703 2398 autem
726 2331 846 2416 obstat,
870 2354 932 2417 quo
956 2335 1062 2399 minua
1085 2336 1129 2400 sit

117 2422 251 2506 beatus,
280 2422 308 2486 si
328 2442 396 2486 non
418 2420 462 2486 sit
484 2421 599 2507 bipes?
626 2425 683 2486 aut
705 2420 783 2505 ista,
806 2422 874 2486 sive
897 2422 1038 2487 beatitas
1061 2423 1129 2488 sive

76 2527 104 2568 2⁵
119 2508 290 2575 beatitudo
318 2509 451 2574 dicenda
479 2512 529 2574 est
552 2508 739 2594 (utrumque
763 2510 893 2575 omnino
917 2510 1046 2595 durum,
1073 2511 1129 2576 sed

119 2621 182 2664 usu
204 2596 382 2663 mollienda
403 2597 499 2664 nobis
521 2597 622 2662 verba
640 2596 739 2684 sunt),
761 2619 872 2662 verum
892 2620 939 2682 ca,
962 2621 1129 2683 quaecum·

119 2708 183 2771 que
206 2689 267 2768 est,
289 2707 345 2751 cur
368 2689 425 2750 aut
447 2686 482 2750 in
505 2687 607 2751 solem
630 2687 724 2751 illum
743 2686 852 2751 autin
871 2687 954 2751 hunc
974 2688 1129 2752 mundum

120 2778 179 2840 aut
204 2775 241 2838 in
266 2773 408 2858 aliquam
432 2777 573 2840 mentem
597 2778 762 2840 aeternam
784 2775 890 2861 figura
912 2775 1129 2860 membrisque

119 2862 268 2947 corporis
290 2884 424 2928 vacuam
449 2861 561 2928 cadere
579 2884 646 2927 non
663 2863 795 2948 potest?
827 2861 919 2927 Nihil
943 2863 1031 2928 aliud
1050 2863 1128 2930 diois
1148 2878 1180 2927 96

79 2969 105 3009 ³⁰
119 2951 197 3016 nisi:
231 2948 433 3035 ‘Numquam
464 2951 531 3015 vidi
567 2951 669 3015 solem
702 2954 759 3017 aut
790 2950 945 3016 mundum
976 2951 1128 3018 beatum?

120 3039 228 3115 Quid?
247 3039 402 3105 mundum
414 3041 545 3124 praeter
557 3038 643 3104 hunc
656 3061 851 3124 umquamne
867 3039 1000 3106 vidisti?
1023 3040 1129 3128 Nega·

120 3128 180 3194 bis.
227 3125 294 3195 Cur
319 3126 422 3213 igitur
447 3148 514 3193 non
540 3130 687 3193 sescenta
713 3127 805 3193 milia
832 3148 902 3192 esse
927 3129 1129 3213 mundorum,

120 3216 177 3282 sed
213 3215 465 3282 innumerabilia
500 3236 597 3280 ausus
634 3236 668 3281 es
700 3215 827 3283 dicere?
881 3215 979 3282 Ratio
1012 3216 1129 3283 docuit.

120 3304 212 3391 Ergo
240 3304 303 3370 hoc
330 3308 363 3369 te
386 3303 472 3369 ratio
494 3324 561 3369 non
584 3303 724 3388 docebit,
752 3327 824 3370 oum
847 3306 1130 3390 praestantissima

81 3398 240 3459 ”natura
268 3396 455 3477 quaeratur,
483 3412 584 3476 eaque
606 3392 704 3457 beata
726 3397 759 3457 ct
782 3396 926 3478 aeterna,
954 3415 1036 3478 quae
1060 3394 1130 3460 sola

120 3482 231 3547 divina
263 3485 382 3546 natura
410 3483 474 3565 est,
505 3483 543 3545 ut
569 3479 805 3545 inmortalitate
832 3481 999 3545 vincamur
1027 3481 1068 3545 ab
1092 3503 1130 3546 ea

119 3574 255 3654 natura,
284 3569 330 3636 sic
357 3568 459 3659 animi
485 3568 687 3655 praestantia
713 3569 811 3653 rinei,
841 3573 938 3652 atque
960 3572 998 3632 ut
1021 3568 1129 3652 animi,

880 3673 916 3723 3*
