2654 3924
371 210 439 267 LIB.
459 211 480 268 Ι.
505 210 580 266 CAP.
599 217 714 266 40-43.
737 217 884 276 §us-67.
1069 211 1133 275 301

124 357 261 444 regium,
284 356 318 420 id
341 359 392 421 est
414 355 557 440 patrium
580 355 751 421 consilium
774 355 896 440 populo
919 355 1001 420 bene
1023 377 1136 421 consu·

124 445 263 510 lentium
285 443 478 528 principum.
515 440 573 521 Sin
595 465 654 529 per
677 465 711 509 se
734 443 874 529 populus
897 442 1060 508 interfecit
1079 447 1136 508 aut

126 534 221 599 eiecit
238 537 422 617 tyrannum,
446 536 497 597 est
515 531 722 616 moderatior,
743 531 850 616 quoad
869 531 968 596 sentit
987 536 1020 596 et
1041 532 1136 616 sapit,

126 627 161 688 et
189 644 248 686 sua
274 642 310 686 re
333 624 428 707 gesta
450 621 593 686 laetatur
615 621 763 704 tuerique
785 620 858 686 vult
880 641 939 705 per
962 641 996 684 se
1019 620 1136 689 consti-

97 726 111 767 ⁶
125 714 234 775 tutam
251 732 320 774 rem
338 709 511 795 publicam.
544 706 579 774 Si
597 709 724 793 quando
745 711 802 773 aut
815 708 886 794 regi
899 707 986 773 iusto
1000 708 1069 773 rim
1082 731 1137 793 pc

125 797 542 971 llltlttlrttssll
560 798 1137 972 {lulllllftlllltblatt

127 979 288 1042 attotam
311 974 568 1060 rempublicam
592 974 771 1039 substravit
794 974 922 1038 hbrdmr
945 995 1021 1039 suae
1046 971 1137 1058 (cave

127 1067 222 1150 putes
250 1067 360 1129 autem
387 1084 476 1128 mare
503 1062 607 1127 ullum
634 1067 691 1128 aut
718 1062 884 1128 flammam
907 1083 978 1128 esse
1000 1066 1137 1145 tantam,

87 1171 114 1211 ιο
130 1175 227 1237 quam
254 1174 321 1217 non
346 1151 476 1217 facilius
504 1151 548 1215 sit
575 1151 688 1216 sedare
716 1172 812 1234 quam
841 1151 1030 1216 effrenatam
1053 1151 1137 1217 insc-

128 1242 231 1306 lentia
253 1237 522 1324 multitudinem),
545 1243 616 1307 tum
638 1239 677 1303 fit
699 1239 789 1323 illud,
813 1239 899 1323 quod
922 1240 1007 1324 apud
1029 1239 1137 1304 Plato·

128 1351 203 1395 nem
231 1333 282 1394 est
304 1330 466 1395 luculente
489 1327 625 1411 dictum,
653 1327 681 1392 si
703 1327 799 1392 modo
822 1328 856 1392 id
878 1328 1056 1412 exprimere
1078 1327 1138 1393 La·

128 1418 197 1483 tine
224 1421 375 1503 potuero,
403 1415 534 1482 difficile
556 1415 646 1480 factu
666 1414 671 1499 Ι
692 1419 754 1499 est,
782 1416 838 1480 sed
861 1415 1002 1481 conabor
1026 1417 1066 1496 [p.
1086 1433 1138 1480 244
1147 1434 1196 1531 43·

129 1512 249 1573 tamen.
295 1504 417 1570 ‘Cum'
450 1504 536 1570 enim
563 1503 671 1589 inquit
699 1503 975 1588 ‘inexplebiles
1003 1504 1138 1589 populi
1157 1546 1191 1595 66

88 1612 115 1652 1⁵
129 1595 261 1660 fauces
282 1597 514 1659 exaruerunt
533 1591 736 1657 libertatis
755 1591 824 1656 siti
842 1592 1033 1676 malisque
1047 1614 1137 1656 usus

129 1683 199 1748 ille
222 1682 419 1746 ministris
442 1703 517 1746 non
540 1681 686 1746 modice
708 1684 978 1766 temperatam,
1001 1680 1066 1745 sed
1084 1681 1139 1744 ni-

130 1771 201 1836 mis
235 1791 422 1835 meracam
454 1769 680 1834 libertatem
713 1769 853 1834 sitiens
881 1768 1026 1853 hausit,
1058 1772 1138 1833 tum

131 1858 388 1944 magistratus
416 1861 454 1923 et
481 1857 692 1943 principes,
723 1857 801 1922 nisi
827 1857 939 1922 valde
968 1856 1074 1922 lenes
1102 1862 1139 1921 et

130 1946 284 2012 remissi
320 1946 401 2011 sint
437 1948 475 2011 et
511 1947 621 2031 large
658 1946 735 2010 sibi
771 1946 998 2010 libertatem
1030 1945 1140 2010 mini·

90 2039 271 2119 astreas,
299 2034 534 2119 insequitur,
561 2034 778 2118 insimulat,
807 2034 951 2119 arguit,
978 2055 1140 2119 praepo·

132 2128 272 2208 tentes,
300 2144 426 2209 reges,
453 2126 641 2206 tyrannos
669 2121 806 2189 vocat’
851 2121 936 2187 Puto
964 2122 1050 2188 enim
1078 2122 1140 2187 tibi

130 2213 210 2279 haec
233 2233 303 2277 esse
325 2215 413 2277 nota.
448 2211 486 2277 L.
505 2209 591 2275 Vero
616 2210 705 2294 mihi,
728 2207 843 2298 inlquit
864 2212 931 2295 ille,
948 2232 1004 2277 no·
1028 2214 1068 2293 [p.
1089 2227 1138 2277 1⁶1

130 2302 265 2366 tissima.
306 2300 339 2366 S.
361 2299 451 2386 Ergo
475 2299 534 2365 illa
557 2303 747 2382 sequuntur:
771 2298 865 2383 εεοε,
889 2299 954 2384 qni
976 2303 1140 2385 pareant
1159 2311 1191 2365 st

131 2389 387 2476 principibus,
424 2387 571 2475 agitari
608 2388 653 2452 ab
687 2409 729 2454 eo
760 2388 903 2473 populo
936 2391 974 2454 et
1006 2410 1141 2454 servos

93 2478 378 2544 avolunmrios
411 2475 619 2561 appellari,
649 2498 713 2542 eos
742 2480 881 2561 autern,
909 2477 974 2561 qui
1000 2477 1039 2541 in
1066 2499 1141 2542 ma-

134 2566 304 2652 gistratu
333 2564 576 2649 privatorum
604 2564 754 2629 similes
783 2586 867 2630 esse
894 2564 1033 2648 velint,
1061 2587 1141 2630 eos·

134 2675 203 2738 que
230 2653 421 2738 privatos,
449 2651 513 2737 qui
537 2652 731 2734 efficiant,
758 2674 803 2717 ne
827 2652 917 2738 quid
938 2653 1042 2717 inter
1064 2653 1141 2737 pri-

134 2744 264 2808 vatum
293 2745 330 2806 et
357 2741 631 2826 magistratum
660 2740 836 2824 differat,
863 2740 994 2806 ferunt
1018 2741 1141 2805 laudi·

133 2831 202 2895 bus
235 2832 272 2894 et
304 2833 475 2894 mactant
506 2828 735 2913 honoribus,
766 2832 808 2893 ut
837 2849 994 2895 necesse
1023 2829 1076 2893 sit
1103 2829 1142 2893 in

95 2919 213 2984 meins
254 2917 355 2983 modi
396 2939 434 2983 re
470 2916 628 3002 publica
663 2918 779 3001 plena
815 2917 1019 2982 libertatis
1057 2939 1141 2982 esse

132 3007 271 3090 omnia,
293 3009 335 3070 nt
358 3009 395 3069 et
417 3005 573 3091 privata
596 3006 727 3070 domus
751 3006 874 3071 omnis
893 3010 1004 3071 vacet
1023 3006 1142 3071 domi-

132 3096 301 3181 naltione
325 3097 362 3158 et
384 3093 456 3160 hoc
478 3094 619 3158 malum
641 3115 761 3177 usque
784 3094 829 3158 ad
853 3094 1003 3159 bestias
1028 3096 1068 3175 [p.
1090 3110 1140 3159 152

132 3183 347 3270 perveniat,
389 3181 551 3265 denique
587 3186 628 3246 ut
664 3186 777 3266 pater
812 3181 941 3247 filium
978 3186 1142 3267 metuat,

132 3273 243 3338 filius
267 3275 416 3356 patrem
438 3271 636 3356 neglegat,
660 3270 764 3335 absit
792 3271 915 3336 omnis
938 3271 1073 3356 pudor,
1101 3276 1143 3336 ut

96 3362 245 3446 aplane
259 3359 377 3425 liberi
396 3359 488 3442 sint,
510 3358 610 3423 nibil
629 3359 804 3442 intersit,
827 3359 925 3425 civis
944 3360 998 3423 sit
1017 3382 1063 3424 an
1081 3382 1143 3445 pe-

133 3450 323 3535 regrinus,
346 3448 534 3534 magister
556 3451 598 3512 nt
621 3448 836 3531 discipulos
860 3451 1009 3512 metuat
1032 3451 1070 3513 et
1093 3448 1142 3513 iis

133 3537 358 3603 blandiatur
394 3539 656 3621 spernantque
692 3536 879 3620 discipuli
916 3536 1143 3623 magistros,
