<?xml version="1.0" encoding="UTF-8"?>
<!DOCTYPE html PUBLIC "-//W3C//DTD XHTML 1.0 Transitional//EN"
    "http://www.w3.org/TR/xhtml1/DTD/xhtml1-transitional.dtd">
<html xmlns="http://www.w3.org/1999/xhtml" xml:lang="en" lang="en">
 <head>
  <title>
</title>
<meta http-equiv="Content-Type" content="text/html;charset=utf-8" />
  <meta name='ocr-system' content='tesseract 3.04.00' />
  <meta name='ocr-capabilities' content='ocr_page ocr_carea ocr_par ocr_line ocrx_word'/>
</head>
<body>
  <div class='ocr_page' id='page_1' title='image "./mtulliiciceroni00salegoog_0119.png"; bbox 0 0 2652 3908; ppageno 0'>
   <div class='ocr_carea' id='block_1_1' title="bbox 208 206 913 276">
    <p class='ocr_par' dir='ltr' id='par_1_1' title="bbox 208 206 913 276">
     <span class='ocr_line' id='line_1_1' title="bbox 208 206 913 276; baseline -0.007 -10"><span class='ocrx_word' id='word_1_1' title='bbox 208 212 252 276; x_wconf 80' lang='grc'>66</span> <span class='ocrx_word' id='word_1_2' title='bbox 517 209 567 265; x_wconf 79' lang='grc' dir='ltr'>ΒΕ</span> <span class='ocrx_word' id='word_1_3' title='bbox 586 208 739 265; x_wconf 80' lang='lat' dir='ltr'><strong>NATURA</strong></span> <span class='ocrx_word' id='word_1_4' title='bbox 756 206 913 263; x_wconf 84' lang='lat' dir='ltr'><strong>DEORUM</strong></span> 
     </span>
    </p>
   </div>
   <div class='ocr_carea' id='block_1_2' title="bbox 157 350 1314 3626">
    <p class='ocr_par' dir='ltr' id='par_1_2' title="bbox 157 326 1314 3626">
     <span class='ocr_line' id='line_1_2' title="bbox 210 350 1228 441; baseline -0.005 -21"><span class='ocrx_word' id='word_1_5' title='bbox 210 354 384 441; x_wconf 85' lang='lat' dir='ltr'>sphaeram</span> <span class='ocrx_word' id='word_1_6' title='bbox 411 354 528 420; x_wconf 88' lang='lat' dir='ltr'>stellae</span> <span class='ocrx_word' id='word_1_7' title='bbox 554 354 736 420; x_wconf 72' lang='lat' dir='ltr'>inerrantes</span> <span class='ocrx_word' id='word_1_8' title='bbox 759 353 801 419; x_wconf 89' lang='lat' dir='ltr'>ab</span> <span class='ocrx_word' id='word_1_9' title='bbox 825 352 971 418; x_wconf 87' lang='lat' dir='ltr'>aetheria</span> <span class='ocrx_word' id='word_1_10' title='bbox 993 350 1228 417; x_wconf 86' lang='lat' dir='ltr'>coniunctione</span> 
     </span>
     <span class='ocr_line' id='line_1_3' title="bbox 210 441 1314 541; baseline -0.01 -28"><span class='ocrx_word' id='word_1_11' title='bbox 210 446 369 513; x_wconf 78' lang='lat' dir='ltr'>secretam</span> <span class='ocrx_word' id='word_1_12' title='bbox 395 446 429 509; x_wconf 91' lang='lat' dir='ltr'>et</span> <span class='ocrx_word' id='word_1_13' title='bbox 455 443 602 509; x_wconf 87' lang='lat' dir='ltr'>liberem.</span> <span class='ocrx_word' id='word_1_14' title='bbox 646 441 770 508; x_wconf 81' lang='lat' dir='ltr'>Earum</span> <span class='ocrx_word' id='word_1_15' title='bbox 794 445 904 508; x_wconf 87' lang='lat' dir='ltr'>eutem</span> <span class='ocrx_word' id='word_1_16' title='bbox 925 461 1083 526; x_wconf 82' lang='lat' dir='ltr'>perennes</span> <span class='ocrx_word' id='word_1_17' title='bbox 1106 459 1228 505; x_wconf 89' lang='lat' dir='ltr'>cursus</span> <span class='ocrx_word' id='word_1_18' title='bbox 1313 456 1314 541; x_wconf 55' lang='lat' dir='ltr'>q</span> 
     </span>
     <span class='ocr_line' id='line_1_4' title="bbox 210 528 1314 618; baseline -0.005 -21"><span class='ocrx_word' id='word_1_19' title='bbox 210 535 309 617; x_wconf 85' lang='lat' dir='ltr'>atque</span> <span class='ocrx_word' id='word_1_20' title='bbox 325 532 480 618; x_wconf 87' lang='lat' dir='ltr'>&#39;perpetui</span> <span class='ocrx_word' id='word_1_21' title='bbox 502 553 576 598; x_wconf 88' lang='lat' dir='ltr'>cum</span> <span class='ocrx_word' id='word_1_22' title='bbox 599 530 785 596; x_wconf 80' lang='lat' dir='ltr'>admirabili</span> <span class='ocrx_word' id='word_1_23' title='bbox 806 528 1054 614; x_wconf 80' lang='lat' dir='ltr'>incredibilique</span> <span class='ocrx_word' id='word_1_24' title='bbox 1071 531 1229 594; x_wconf 81' lang='lat' dir='ltr'>constan-</span> <span class='ocrx_word' id='word_1_25' title='bbox 1313 544 1314 607; x_wconf 53' lang='grc' dir='ltr'><em>ξ</em></span> 
     </span>
     <span class='ocr_line' id='line_1_5' title="bbox 209 610 1314 701; baseline -0.005 -15"><span class='ocrx_word' id='word_1_26' title='bbox 209 620 258 686; x_wconf 90' lang='lat' dir='ltr'>tie</span> <span class='ocrx_word' id='word_1_27' title='bbox 281 620 447 687; x_wconf 87' lang='lat' dir='ltr'>declarant</span> <span class='ocrx_word' id='word_1_28' title='bbox 469 619 505 686; x_wconf 91' lang='lat' dir='ltr'>in</span> <span class='ocrx_word' id='word_1_29' title='bbox 525 618 578 685; x_wconf 86' lang='lat' dir='ltr'>his</span> <span class='ocrx_word' id='word_1_30' title='bbox 600 619 668 685; x_wconf 79' lang='lat' dir='ltr'>vim</span> <span class='ocrx_word' id='word_1_31' title='bbox 691 622 725 685; x_wconf 93' lang='lat' dir='ltr'>et</span> <span class='ocrx_word' id='word_1_32' title='bbox 747 622 890 684; x_wconf 78' lang='lat' dir='ltr'>mentem</span> <span class='ocrx_word' id='word_1_33' title='bbox 909 638 979 683; x_wconf 90' lang='lat' dir='ltr'>esse</span> <span class='ocrx_word' id='word_1_34' title='bbox 998 616 1150 701; x_wconf 82' lang='lat' dir='ltr'>divinem,</span> <span class='ocrx_word' id='word_1_35' title='bbox 1177 619 1230 699; x_wconf 88' lang='lat' dir='ltr'>ut,</span> <span class='ocrx_word' id='word_1_36' title='bbox 1313 610 1314 693; x_wconf 59' lang='grc' dir='ltr'><em>ἶ</em></span> 
     </span>
     <span class='ocr_line' id='line_1_6' title="bbox 210 696 1314 795; baseline -0.008 -21"><span class='ocrx_word' id='word_1_37' title='bbox 210 709 291 777; x_wconf 88' lang='lat' dir='ltr'>haec</span> <span class='ocrx_word' id='word_1_38' title='bbox 311 709 384 795; x_wconf 89' lang='lat' dir='ltr'>ipsa</span> <span class='ocrx_word' id='word_1_39' title='bbox 402 709 459 794; x_wconf 91' lang='lat' dir='ltr'>qui</span> <span class='ocrx_word' id='word_1_40' title='bbox 475 729 544 774; x_wconf 89' lang='lat' dir='ltr'>non</span> <span class='ocrx_word' id='word_1_41' title='bbox 561 707 683 774; x_wconf 87' lang='lat' dir='ltr'>sentiet</span> <span class='ocrx_word' id='word_1_42' title='bbox 701 707 834 773; x_wconf 91' lang='lat' dir='ltr'>deorum</span> <span class='ocrx_word' id='word_1_43' title='bbox 852 707 920 773; x_wconf 82' lang='lat' dir='ltr'>vim</span> <span class='ocrx_word' id='word_1_44' title='bbox 937 705 1067 791; x_wconf 91' lang='lat' dir='ltr'>habere,</span> <span class='ocrx_word' id='word_1_45' title='bbox 1089 705 1118 770; x_wconf 89' lang='lat' dir='ltr'>is</span> <span class='ocrx_word' id='word_1_46' title='bbox 1136 704 1230 770; x_wconf 90' lang='lat' dir='ltr'>nihil</span> <span class='ocrx_word' id='word_1_47' title='bbox 1256 722 1271 763; x_wconf 82' lang='lat' dir='ltr'>s</span> <span class='ocrx_word' id='word_1_48' title='bbox 1313 696 1314 783; x_wconf 61' lang='lat' dir='ltr'>l</span> 
     </span>
     <span class='ocr_line' id='line_1_7' title="bbox 157 793 1314 880; baseline -0.004 -18"><span class='ocrx_word' id='word_1_49' title='bbox 157 811 192 862; x_wconf 77' lang='lat' dir='ltr'>eo</span> <span class='ocrx_word' id='word_1_50' title='bbox 211 797 345 865; x_wconf 89' lang='lat' dir='ltr'>omnino</span> <span class='ocrx_word' id='word_1_51' title='bbox 368 818 522 864; x_wconf 85' lang='lat' dir='ltr'>sensurus</span> <span class='ocrx_word' id='word_1_52' title='bbox 544 817 615 862; x_wconf 87' lang='lat' dir='ltr'>esse</span> <span class='ocrx_word' id='word_1_53' title='bbox 638 795 795 862; x_wconf 83' lang='lat' dir='ltr'>rideatur.</span> <span class='ocrx_word' id='word_1_54' title='bbox 830 793 933 861; x_wconf 91' lang='lat' dir='ltr'>Nulla</span> <span class='ocrx_word' id='word_1_55' title='bbox 956 794 1060 880; x_wconf 80' lang='lat' dir='ltr'>igitur</span> <span class='ocrx_word' id='word_1_56' title='bbox 1076 793 1112 858; x_wconf 90' lang='lat' dir='ltr'>in</span> <span class='ocrx_word' id='word_1_57' title='bbox 1129 793 1230 859; x_wconf 87' lang='lat' dir='ltr'>eaelo</span> <span class='ocrx_word' id='word_1_58' title='bbox 1313 800 1314 847; x_wconf 81' lang='lat' dir='ltr'>l</span> 
     </span>
     <span class='ocr_line' id='line_1_8' title="bbox 210 882 1231 953; baseline -0.007 0"><span class='ocrx_word' id='word_1_59' title='bbox 210 907 270 953; x_wconf 89' lang='lat' dir='ltr'>nec</span> <span class='ocrx_word' id='word_1_60' title='bbox 291 885 425 952; x_wconf 87' lang='lat' dir='ltr'>fortuna</span> <span class='ocrx_word' id='word_1_61' title='bbox 446 906 506 952; x_wconf 90' lang='lat' dir='ltr'>nec</span> <span class='ocrx_word' id='word_1_62' title='bbox 528 884 696 951; x_wconf 85' lang='lat' dir='ltr'>temeritas</span> <span class='ocrx_word' id='word_1_63' title='bbox 718 905 779 951; x_wconf 88' lang='lat' dir='ltr'>nec</span> <span class='ocrx_word' id='word_1_64' title='bbox 801 883 922 950; x_wconf 86' lang='lat' dir='ltr'>erratio</span> <span class='ocrx_word' id='word_1_65' title='bbox 944 882 1156 950; x_wconf 70' lang='lat' dir='ltr'>nectarites</span> <span class='ocrx_word' id='word_1_66' title='bbox 1178 882 1231 946; x_wconf 89' lang='lat' dir='ltr'>in·</span> 
     </span>
     <span class='ocr_line' id='line_1_9' title="bbox 211 969 1314 1061; baseline -0.006 -21"><span class='ocrx_word' id='word_1_67' title='bbox 211 977 263 1040; x_wconf 86' lang='lat' dir='ltr'>est</span> <span class='ocrx_word' id='word_1_68' title='bbox 285 978 462 1059; x_wconf 80' lang='lat' dir='ltr'>contraque</span> <span class='ocrx_word' id='word_1_69' title='bbox 484 974 590 1040; x_wconf 89' lang='lat' dir='ltr'>omnis</span> <span class='ocrx_word' id='word_1_70' title='bbox 614 973 709 1056; x_wconf 90' lang='lat' dir='ltr'>ordo,</span> <span class='ocrx_word' id='word_1_71' title='bbox 736 972 872 1055; x_wconf 87' lang='lat' dir='ltr'>veritas,</span> <span class='ocrx_word' id='word_1_72' title='bbox 899 972 999 1054; x_wconf 89' lang='lat' dir='ltr'>ratio,</span> <span class='ocrx_word' id='word_1_73' title='bbox 1022 969 1230 1057; x_wconf 84' lang='lat' dir='ltr'>constantia3</span> <span class='ocrx_word' id='word_1_74' title='bbox 1313 1008 1314 1061; x_wconf 67' lang='lat'>,</span> 
     </span>
     <span class='ocr_line' id='line_1_10' title="bbox 211 1059 1314 1148; baseline -0.004 -21"><span class='ocrx_word' id='word_1_75' title='bbox 211 1083 358 1148; x_wconf 89' lang='lat' dir='ltr'>quaeque</span> <span class='ocrx_word' id='word_1_76' title='bbox 376 1061 428 1127; x_wconf 90' lang='lat' dir='ltr'>his</span> <span class='ocrx_word' id='word_1_77' title='bbox 446 1065 565 1128; x_wconf 77' lang='lat' dir='ltr'>vacant</span> <span class='ocrx_word' id='word_1_78' title='bbox 582 1062 740 1128; x_wconf 89' lang='lat' dir='ltr'>ementita</span> <span class='ocrx_word' id='word_1_79' title='bbox 757 1064 792 1128; x_wconf 88' lang='lat' dir='ltr'>et</span> <span class='ocrx_word' id='word_1_80' title='bbox 808 1061 894 1127; x_wconf 86' lang='lat' dir='ltr'>falsa</span> <span class='ocrx_word' id='word_1_81' title='bbox 911 1060 1072 1146; x_wconf 89' lang='lat' dir='ltr'>plenaque</span> <span class='ocrx_word' id='word_1_82' title='bbox 1090 1059 1229 1142; x_wconf 89' lang='lat' dir='ltr'>erroris,</span> <span class='ocrx_word' id='word_1_83' title='bbox 1313 1064 1314 1147; x_wconf 74' lang='lat' dir='ltr'>l</span> 
     </span>
     <span class='ocr_line' id='line_1_11' title="bbox 211 1146 1314 1234; baseline -0.006 -18"><span class='ocrx_word' id='word_1_84' title='bbox 211 1171 251 1216; x_wconf 88' lang='lat' dir='ltr'>ee</span> <span class='ocrx_word' id='word_1_85' title='bbox 277 1151 399 1218; x_wconf 87' lang='lat' dir='ltr'>circum</span> <span class='ocrx_word' id='word_1_86' title='bbox 426 1155 532 1217; x_wconf 86' lang='lat' dir='ltr'>terras</span> <span class='ocrx_word' id='word_1_87' title='bbox 558 1149 644 1216; x_wconf 87' lang='lat' dir='ltr'>infra</span> <span class='ocrx_word' id='word_1_88' title='bbox 670 1151 797 1232; x_wconf 89' lang='lat' dir='ltr'>lunam,</span> <span class='ocrx_word' id='word_1_89' title='bbox 825 1170 907 1234; x_wconf 90' lang='lat' dir='ltr'>quae</span> <span class='ocrx_word' id='word_1_90' title='bbox 935 1148 1080 1215; x_wconf 89' lang='lat' dir='ltr'>omnium</span> <span class='ocrx_word' id='word_1_91' title='bbox 1101 1146 1231 1213; x_wconf 88' lang='lat' dir='ltr'>ultima</span> <span class='ocrx_word' id='word_1_92' title='bbox 1246 1167 1272 1207; x_wconf 79' lang='lat' dir='ltr'>ra</span> <span class='ocrx_word' id='word_1_93' title='bbox 1313 1160 1314 1227; x_wconf 65' lang='lat' dir='ltr'>l</span> 
     </span>
     <span class='ocr_line' id='line_1_12' title="bbox 211 1235 1314 1324; baseline -0.005 -20"><span class='ocrx_word' id='word_1_94' title='bbox 211 1242 272 1323; x_wconf 90' lang='lat' dir='ltr'>est,</span> <span class='ocrx_word' id='word_1_95' title='bbox 294 1239 330 1304; x_wconf 90' lang='lat' dir='ltr'>in</span> <span class='ocrx_word' id='word_1_96' title='bbox 350 1240 511 1324; x_wconf 90' lang='lat' dir='ltr'>terrisque</span> <span class='ocrx_word' id='word_1_97' title='bbox 533 1242 715 1305; x_wconf 80' lang='lat' dir='ltr'>versantur.</span> <span class='ocrx_word' id='word_1_98' title='bbox 759 1236 959 1305; x_wconf 69' lang='lat' dir='ltr'>caelestium</span> <span class='ocrx_word' id='word_1_99' title='bbox 981 1257 1060 1323; x_wconf 83' lang='lat' dir='ltr'>ergo</span> <span class='ocrx_word' id='word_1_100' title='bbox 1084 1235 1229 1303; x_wconf 84' lang='lat' dir='ltr'>admire—</span> <span class='ocrx_word' id='word_1_101' title='bbox 1313 1236 1314 1283; x_wconf 79' lang='lat' dir='ltr'>l</span> 
     </span>
     <span class='ocr_line' id='line_1_13' title="bbox 210 1325 1229 1412; baseline -0.004 -19"><span class='ocrx_word' id='word_1_102' title='bbox 210 1327 311 1393; x_wconf 90' lang='lat' dir='ltr'>bilem</span> <span class='ocrx_word' id='word_1_103' title='bbox 339 1328 485 1395; x_wconf 86' lang='lat' dir='ltr'>ordinem</span> <span class='ocrx_word' id='word_1_104' title='bbox 511 1327 798 1412; x_wconf 88' lang='lat' dir='ltr'>incredibilemque</span> <span class='ocrx_word' id='word_1_105' title='bbox 824 1325 1057 1410; x_wconf 88' lang='lat' dir='ltr'>constantiam,</span> <span class='ocrx_word' id='word_1_106' title='bbox 1089 1347 1128 1390; x_wconf 84' lang='lat' dir='ltr'>ex</span> <span class='ocrx_word' id='word_1_107' title='bbox 1155 1346 1229 1409; x_wconf 90' lang='lat' dir='ltr'>qua</span> 
     </span>
     <span class='ocr_line' id='line_1_14' title="bbox 211 1413 1228 1499; baseline -0.004 -17"><span class='ocrx_word' id='word_1_108' title='bbox 211 1416 415 1483; x_wconf 86' lang='lat' dir='ltr'>conservatio</span> <span class='ocrx_word' id='word_1_109' title='bbox 445 1419 479 1482; x_wconf 87' lang='lat' dir='ltr'>et</span> <span class='ocrx_word' id='word_1_110' title='bbox 508 1416 597 1482; x_wconf 90' lang='lat' dir='ltr'>salus</span> <span class='ocrx_word' id='word_1_111' title='bbox 626 1416 772 1483; x_wconf 88' lang='lat' dir='ltr'>omnium</span> <span class='ocrx_word' id='word_1_112' title='bbox 801 1414 905 1480; x_wconf 89' lang='lat' dir='ltr'>omnis</span> <span class='ocrx_word' id='word_1_113' title='bbox 936 1414 1053 1498; x_wconf 83' lang='lat' dir='ltr'>oritur,</span> <span class='ocrx_word' id='word_1_114' title='bbox 1083 1413 1139 1499; x_wconf 90' lang='lat' dir='ltr'>qui</span> <span class='ocrx_word' id='word_1_115' title='bbox 1167 1435 1228 1478; x_wconf 82' lang='lat' dir='ltr'>va-</span> 
     </span>
     <span class='ocr_line' id='line_1_15' title="bbox 211 1501 1228 1591; baseline -0.004 -21"><span class='ocrx_word' id='word_1_116' title='bbox 211 1526 285 1571; x_wconf 89' lang='lat' dir='ltr'>cere</span> <span class='ocrx_word' id='word_1_117' title='bbox 317 1509 426 1572; x_wconf 89' lang='lat' dir='ltr'>mente</span> <span class='ocrx_word' id='word_1_118' title='bbox 457 1508 567 1590; x_wconf 86' lang='lat' dir='ltr'>putat,</span> <span class='ocrx_word' id='word_1_119' title='bbox 598 1504 627 1571; x_wconf 91' lang='lat' dir='ltr'>is</span> <span class='ocrx_word' id='word_1_120' title='bbox 659 1505 730 1591; x_wconf 89' lang='lat' dir='ltr'>ipse</span> <span class='ocrx_word' id='word_1_121' title='bbox 761 1503 880 1569; x_wconf 90' lang='lat' dir='ltr'>mentis</span> <span class='ocrx_word' id='word_1_122' title='bbox 910 1524 1025 1589; x_wconf 85' lang='lat' dir='ltr'>expers</span> <span class='ocrx_word' id='word_1_123' title='bbox 1051 1501 1228 1568; x_wconf 88' lang='lat' dir='ltr'>habendus</span> 
     </span>
     <span class='ocr_line' id='line_1_16' title="bbox 158 1590 1271 1682; baseline -0.006 -22"><span class='ocrx_word' id='word_1_124' title='bbox 158 1617 192 1667; x_wconf 76' lang='lat' dir='ltr'>er</span> <span class='ocrx_word' id='word_1_125' title='bbox 212 1598 271 1660; x_wconf 87' lang='lat' dir='ltr'>est.</span> <span class='ocrx_word' id='word_1_126' title='bbox 315 1593 414 1660; x_wconf 84' lang='lat' dir='ltr'>Haud</span> <span class='ocrx_word' id='word_1_127' title='bbox 441 1615 533 1682; x_wconf 83' lang='lat' dir='ltr'>ergo,</span> <span class='ocrx_word' id='word_1_128' title='bbox 561 1597 600 1659; x_wconf 92' lang='lat' dir='ltr'>ut</span> <span class='ocrx_word' id='word_1_129' title='bbox 627 1594 755 1680; x_wconf 90' lang='lat' dir='ltr'>opinor,</span> <span class='ocrx_word' id='word_1_130' title='bbox 785 1613 949 1677; x_wconf 84' lang='lat' dir='ltr'>erravero,</span> <span class='ocrx_word' id='word_1_131' title='bbox 979 1590 1008 1656; x_wconf 89' lang='lat' dir='ltr'>si</span> <span class='ocrx_word' id='word_1_132' title='bbox 1031 1613 1052 1657; x_wconf 88' lang='lat' dir='ltr'>a</span> <span class='ocrx_word' id='word_1_133' title='bbox 1073 1590 1226 1676; x_wconf 88' lang='lat' dir='ltr'>principe</span> <span class='ocrx_word' id='word_1_134' title='bbox 1245 1609 1271 1651; x_wconf 79' lang='lat' dir='ltr'>rs</span> 
     </span>
     <span class='ocr_line' id='line_1_17' title="bbox 210 1678 1226 1836; baseline -0.007 -86"><span class='ocrx_word' id='word_1_135' title='bbox 210 1683 458 1836; x_wconf 46' lang='lat' dir='ltr'>igrvestigandae</span> <span class='ocrx_word' id='word_1_136' title='bbox 479 1681 629 1750; x_wconf 79' lang='lat' dir='ltr'>veritatis</span> <span class='ocrx_word' id='word_1_137' title='bbox 651 1683 748 1749; x_wconf 91' lang='lat' dir='ltr'>huius</span> <span class='ocrx_word' id='word_1_138' title='bbox 772 1680 1003 1768; x_wconf 85' lang='lat' dir='ltr'>disputationis</span> <span class='ocrx_word' id='word_1_139' title='bbox 1025 1678 1226 1766; x_wconf 87' lang='lat' dir='ltr'>principium</span> 
     </span>
     <span class='ocr_line' id='line_1_18' title="bbox 234 1790 809 1837; baseline -0.007 0"><span class='ocrx_word' id='word_1_140' title='bbox 234 1793 343 1837; x_wconf 84' lang='lat' dir='ltr'>exero.</span> <span class='ocrx_word' id='word_1_141' title='bbox 801 1790 809 1813; x_wconf 74' lang='lat'><strong><em>³</em></strong></span> 
     </span>
     <span class='ocr_line' id='line_1_19' title="bbox 159 1856 1226 1946; baseline -0.007 -19"><span class='ocrx_word' id='word_1_142' title='bbox 159 1863 202 1927; x_wconf 79' lang='lat'>22</span> <span class='ocrx_word' id='word_1_143' title='bbox 279 1859 365 1926; x_wconf 88' lang='lat' dir='ltr'>Zeno</span> <span class='ocrx_word' id='word_1_144' title='bbox 383 1860 487 1946; x_wconf 82' lang='lat' dir='ltr'>igitur</span> <span class='ocrx_word' id='word_1_145' title='bbox 502 1862 655 1924; x_wconf 88' lang='lat' dir='ltr'>naturam</span> <span class='ocrx_word' id='word_1_146' title='bbox 668 1859 717 1923; x_wconf 87' lang='lat' dir='ltr'>ite</span> <span class='ocrx_word' id='word_1_147' title='bbox 730 1856 852 1943; x_wconf 85' lang='lat' dir='ltr'>definit,</span> <span class='ocrx_word' id='word_1_148' title='bbox 870 1859 908 1924; x_wconf 88' lang='lat' dir='ltr'>ut</span> <span class='ocrx_word' id='word_1_149' title='bbox 922 1879 995 1923; x_wconf 89' lang='lat' dir='ltr'>eam</span> <span class='ocrx_word' id='word_1_150' title='bbox 1009 1857 1096 1923; x_wconf 91' lang='lat' dir='ltr'>dicat</span> <span class='ocrx_word' id='word_1_151' title='bbox 1109 1856 1226 1942; x_wconf 83' lang='lat' dir='ltr'>ignem</span> 
     </span>
     <span class='ocr_line' id='line_1_20' title="bbox 212 1944 1225 2034; baseline -0.006 -20"><span class='ocrx_word' id='word_1_152' title='bbox 212 1969 283 2014; x_wconf 89' lang='lat' dir='ltr'>esse</span> <span class='ocrx_word' id='word_1_153' title='bbox 317 1949 543 2032; x_wconf 87' lang='lat' dir='ltr'>artificiosum,</span> <span class='ocrx_word' id='word_1_154' title='bbox 574 1946 616 2013; x_wconf 88' lang='lat' dir='ltr'>ad</span> <span class='ocrx_word' id='word_1_155' title='bbox 644 1947 842 2034; x_wconf 78' lang='lat' dir='ltr'>gignendum</span> <span class='ocrx_word' id='word_1_156' title='bbox 868 1946 1132 2033; x_wconf 81' lang='lat' dir='ltr'>progredientem</span> <span class='ocrx_word' id='word_1_157' title='bbox 1158 1944 1225 2009; x_wconf 86' lang='lat' dir='ltr'>via.</span> 
     </span>
     <span class='ocr_line' id='line_1_21' title="bbox 212 2035 1270 2121; baseline -0.005 -20"><span class='ocrx_word' id='word_1_158' title='bbox 212 2035 332 2103; x_wconf 81' lang='lat' dir='ltr'>Censet</span> <span class='ocrx_word' id='word_1_159' title='bbox 359 2037 444 2101; x_wconf 92' lang='lat' dir='ltr'>enim</span> <span class='ocrx_word' id='word_1_160' title='bbox 474 2036 555 2101; x_wconf 86' lang='lat' dir='ltr'>artis</span> <span class='ocrx_word' id='word_1_161' title='bbox 585 2057 736 2101; x_wconf 85' lang='lat' dir='ltr'>maxume</span> <span class='ocrx_word' id='word_1_162' title='bbox 761 2035 931 2121; x_wconf 86' lang='lat' dir='ltr'>proprium</span> <span class='ocrx_word' id='word_1_163' title='bbox 958 2055 1028 2099; x_wconf 90' lang='lat' dir='ltr'>esse</span> <span class='ocrx_word' id='word_1_164' title='bbox 1055 2053 1167 2099; x_wconf 84' lang='lat' dir='ltr'>creare</span> <span class='ocrx_word' id='word_1_165' title='bbox 1190 2037 1225 2099; x_wconf 92' lang='lat' dir='ltr'>et</span> <span class='ocrx_word' id='word_1_166' title='bbox 1241 2053 1270 2094; x_wconf 74' lang='lat' dir='ltr'>zo</span> 
     </span>
     <span class='ocr_line' id='line_1_22' title="bbox 213 2123 1314 2212; baseline -0.003 -23"><span class='ocrx_word' id='word_1_167' title='bbox 213 2126 360 2212; x_wconf 81' lang='lat' dir='ltr'>gignere3</span> <span class='ocrx_word' id='word_1_168' title='bbox 387 2124 538 2209; x_wconf 90' lang='lat' dir='ltr'>quodque</span> <span class='ocrx_word' id='word_1_169' title='bbox 563 2123 600 2189; x_wconf 92' lang='lat' dir='ltr'>in</span> <span class='ocrx_word' id='word_1_170' title='bbox 626 2123 778 2209; x_wconf 87' lang='lat' dir='ltr'>operibus</span> <span class='ocrx_word' id='word_1_171' title='bbox 801 2126 989 2189; x_wconf 81' lang='lat' dir='ltr'>nostrarum</span> <span class='ocrx_word' id='word_1_172' title='bbox 1012 2123 1133 2188; x_wconf 91' lang='lat' dir='ltr'>artium</span> <span class='ocrx_word' id='word_1_173' title='bbox 1154 2143 1225 2187; x_wconf 85' lang='lat' dir='ltr'>me·</span> <span class='ocrx_word' id='word_1_174' title='bbox 1313 2176 1314 2187; x_wconf 71' lang='grc'>,</span> 
     </span>
     <span class='ocr_line' id='line_1_23' title="bbox 211 2190 1314 2298; baseline -0.007 -20"><span class='ocrx_word' id='word_1_175' title='bbox 211 2235 273 2278; x_wconf 92' lang='lat' dir='ltr'>nus</span> <span class='ocrx_word' id='word_1_176' title='bbox 296 2213 426 2298; x_wconf 82' lang='lat' dir='ltr'>efficiet,</span> <span class='ocrx_word' id='word_1_177' title='bbox 448 2212 483 2279; x_wconf 95' lang='lat' dir='ltr'>id</span> <span class='ocrx_word' id='word_1_178' title='bbox 504 2212 609 2279; x_wconf 89' lang='lat' dir='ltr'>multo</span> <span class='ocrx_word' id='word_1_179' title='bbox 633 2212 841 2278; x_wconf 88' lang='lat' dir='ltr'>artificiosius</span> <span class='ocrx_word' id='word_1_180' title='bbox 858 2216 1011 2277; x_wconf 87' lang='lat' dir='ltr'>naturam</span> <span class='ocrx_word' id='word_1_181' title='bbox 1029 2210 1167 2293; x_wconf 86' lang='lat' dir='ltr'>efficere,</span> <span class='ocrx_word' id='word_1_182' title='bbox 1189 2209 1225 2275; x_wconf 92' lang='lat' dir='ltr'>id</span> <span class='ocrx_word' id='word_1_183' title='bbox 1313 2190 1314 2269; x_wconf 73' lang='lat' dir='ltr'>l</span> 
     </span>
     <span class='ocr_line' id='line_1_24' title="bbox 212 2297 1314 2389; baseline -0.005 -22"><span class='ocrx_word' id='word_1_184' title='bbox 212 2306 276 2386; x_wconf 89' lang='lat' dir='ltr'>est,</span> <span class='ocrx_word' id='word_1_185' title='bbox 308 2305 347 2367; x_wconf 88' lang='lat' dir='ltr'>nt</span> <span class='ocrx_word' id='word_1_186' title='bbox 373 2301 452 2386; x_wconf 88' lang='lat' dir='ltr'>dixi,</span> <span class='ocrx_word' id='word_1_187' title='bbox 484 2301 595 2389; x_wconf 80' lang='lat' dir='ltr'>ignem</span> <span class='ocrx_word' id='word_1_188' title='bbox 622 2300 846 2385; x_wconf 89' lang='lat' dir='ltr'>artificiosum,</span> <span class='ocrx_word' id='word_1_189' title='bbox 878 2301 1072 2388; x_wconf 82' lang='lat' dir='ltr'>magistrum</span> <span class='ocrx_word' id='word_1_190' title='bbox 1101 2297 1224 2364; x_wconf 85' lang='lat' dir='ltr'>artium</span> <span class='ocrx_word' id='word_1_191' title='bbox 1313 2308 1314 2311; x_wconf 76' lang='grc'>’</span> 
     </span>
     <span class='ocr_line' id='line_1_25' title="bbox 212 2388 1314 2476; baseline -0.005 -20"><span class='ocrx_word' id='word_1_192' title='bbox 212 2391 420 2475; x_wconf 87' lang='lat' dir='ltr'>reliquarum</span> <span class='ocrx_word' id='word_1_193' title='bbox 456 2390 566 2476; x_wconf 80' lang='lat' dir='ltr'>Atque</span> <span class='ocrx_word' id='word_1_194' title='bbox 588 2389 650 2456; x_wconf 88' lang='lat' dir='ltr'>hac</span> <span class='ocrx_word' id='word_1_195' title='bbox 673 2389 802 2474; x_wconf 90' lang='lat' dir='ltr'>quidem</span> <span class='ocrx_word' id='word_1_196' title='bbox 824 2388 950 2455; x_wconf 90' lang='lat' dir='ltr'>ratione</span> <span class='ocrx_word' id='word_1_197' title='bbox 974 2388 1080 2454; x_wconf 86' lang='lat' dir='ltr'>omnis</span> <span class='ocrx_word' id='word_1_198' title='bbox 1102 2391 1224 2453; x_wconf 87' lang='lat' dir='ltr'>natura</span> <span class='ocrx_word' id='word_1_199' title='bbox 1313 2406 1314 2431; x_wconf 79' lang='lat'>³</span> 
     </span>
     <span class='ocr_line' id='line_1_26' title="bbox 213 2476 1314 2565; baseline -0.007 -20"><span class='ocrx_word' id='word_1_200' title='bbox 213 2478 390 2545; x_wconf 87' lang='lat' dir='ltr'>artificiosa</span> <span class='ocrx_word' id='word_1_201' title='bbox 421 2483 484 2565; x_wconf 86' lang='lat' dir='ltr'>est,</span> <span class='ocrx_word' id='word_1_202' title='bbox 517 2478 604 2565; x_wconf 88' lang='lat' dir='ltr'>qnod</span> <span class='ocrx_word' id='word_1_203' title='bbox 634 2477 735 2543; x_wconf 90' lang='lat' dir='ltr'>habet</span> <span class='ocrx_word' id='word_1_204' title='bbox 762 2477 856 2562; x_wconf 90' lang='lat' dir='ltr'>quasi</span> <span class='ocrx_word' id='word_1_205' title='bbox 883 2477 970 2542; x_wconf 87' lang='lat' dir='ltr'>viam</span> <span class='ocrx_word' id='word_1_206' title='bbox 998 2476 1163 2561; x_wconf 90' lang='lat' dir='ltr'>quandam</span> <span class='ocrx_word' id='word_1_207' title='bbox 1190 2479 1224 2540; x_wconf 90' lang='lat' dir='ltr'>et</span> <span class='ocrx_word' id='word_1_208' title='bbox 1239 2493 1267 2534; x_wconf 75' lang='lat'>2⁵</span> <span class='ocrx_word' id='word_1_209' title='bbox 1313 2478 1314 2547; x_wconf 47' lang='lat' dir='ltr'>l</span> 
     </span>
     <span class='ocr_line' id='line_1_27' title="bbox 160 2564 1314 2653; baseline -0.003 -22"><span class='ocrx_word' id='word_1_210' title='bbox 160 2571 349 2653; x_wconf 71' lang='lat' dir='ltr'>desectam,</span> <span class='ocrx_word' id='word_1_211' title='bbox 373 2589 471 2653; x_wconf 90' lang='lat' dir='ltr'>quem</span> <span class='ocrx_word' id='word_1_212' title='bbox 489 2570 652 2652; x_wconf 87' lang='lat' dir='ltr'>sequetur.</span> <span class='ocrx_word' id='word_1_213' title='bbox 688 2565 795 2651; x_wconf 83' lang='lat' dir='ltr'>Ipsius</span> <span class='ocrx_word' id='word_1_214' title='bbox 809 2587 886 2632; x_wconf 86' lang='lat' dir='ltr'>vero</span> <span class='ocrx_word' id='word_1_215' title='bbox 900 2565 1021 2650; x_wconf 90' lang='lat' dir='ltr'>mundi,</span> <span class='ocrx_word' id='word_1_216' title='bbox 1043 2565 1100 2650; x_wconf 89' lang='lat' dir='ltr'>qui</span> <span class='ocrx_word' id='word_1_217' title='bbox 1114 2564 1226 2631; x_wconf 87' lang='lat' dir='ltr'>omnia</span> <span class='ocrx_word' id='word_1_218' title='bbox 1313 2580 1314 2635; x_wconf 50' lang='grc' dir='ltr'><strong>ἱ</strong></span> 
     </span>
     <span class='ocr_line' id='line_1_28' title="bbox 213 2652 1314 2743; baseline -0.005 -20"><span class='ocrx_word' id='word_1_219' title='bbox 213 2656 372 2743; x_wconf 85' lang='lat' dir='ltr'>conplexu</span> <span class='ocrx_word' id='word_1_220' title='bbox 390 2679 449 2723; x_wconf 91' lang='lat' dir='ltr'>suc</span> <span class='ocrx_word' id='word_1_221' title='bbox 468 2659 595 2723; x_wconf 86' lang='lat' dir='ltr'>eo‘e&#39;rcet</span> <span class='ocrx_word' id='word_1_222' title='bbox 608 2659 642 2720; x_wconf 91' lang='lat' dir='ltr'>et</span> <span class='ocrx_word' id='word_1_223' title='bbox 655 2655 812 2740; x_wconf 88' lang='lat' dir='ltr'>continet,</span> <span class='ocrx_word' id='word_1_224' title='bbox 831 2658 950 2719; x_wconf 89' lang='lat' dir='ltr'>nature</span> <span class='ocrx_word' id='word_1_225' title='bbox 963 2676 1030 2720; x_wconf 89' lang='lat' dir='ltr'>non</span> <span class='ocrx_word' id='word_1_226' title='bbox 1043 2652 1224 2720; x_wconf 89' lang='lat' dir='ltr'>artificiosa</span> <span class='ocrx_word' id='word_1_227' title='bbox 1313 2666 1314 2733; x_wconf 55' lang='grc' dir='ltr'><em>ξ</em></span> 
     </span>
     <span class='ocr_line' id='line_1_29' title="bbox 213 2738 1314 2832; baseline -0.005 -20"><span class='ocrx_word' id='word_1_228' title='bbox 213 2746 333 2830; x_wconf 92' lang='lat' dir='ltr'>solum,</span> <span class='ocrx_word' id='word_1_229' title='bbox 366 2746 423 2812; x_wconf 92' lang='lat' dir='ltr'>sed</span> <span class='ocrx_word' id='word_1_230' title='bbox 453 2745 551 2832; x_wconf 88' lang='lat' dir='ltr'>plane</span> <span class='ocrx_word' id='word_1_231' title='bbox 579 2742 697 2809; x_wconf 82' lang='lat' dir='ltr'>artifex</span> <span class='ocrx_word' id='word_1_232' title='bbox 729 2744 771 2809; x_wconf 88' lang='lat' dir='ltr'>ab</span> <span class='ocrx_word' id='word_1_233' title='bbox 801 2742 913 2809; x_wconf 90' lang='lat' dir='ltr'>eodem</span> <span class='ocrx_word' id='word_1_234' title='bbox 941 2741 1069 2808; x_wconf 92' lang='lat' dir='ltr'>Zenone</span> <span class='ocrx_word' id='word_1_235' title='bbox 1096 2742 1224 2825; x_wconf 89' lang='lat' dir='ltr'>dicitnr,</span> <span class='ocrx_word' id='word_1_236' title='bbox 1313 2738 1314 2797; x_wconf 76' lang='lat' dir='ltr'>l</span> 
     </span>
     <span class='ocr_line' id='line_1_30' title="bbox 213 2830 1314 2919; baseline -0.005 -19"><span class='ocrx_word' id='word_1_237' title='bbox 213 2834 393 2901; x_wconf 87' lang='lat' dir='ltr'>consultrix</span> <span class='ocrx_word' id='word_1_238' title='bbox 433 2837 467 2899; x_wconf 92' lang='lat' dir='ltr'>et</span> <span class='ocrx_word' id='word_1_239' title='bbox 505 2833 642 2919; x_wconf 83' lang='lat' dir='ltr'>provide</span> <span class='ocrx_word' id='word_1_240' title='bbox 677 2831 859 2897; x_wconf 87' lang='lat' dir='ltr'>utilitatum</span> <span class='ocrx_word' id='word_1_241' title='bbox 899 2831 1224 2916; x_wconf 89' lang='lat' dir='ltr'>oportunitatumque</span> <span class='ocrx_word' id='word_1_242' title='bbox 1313 2830 1314 2887; x_wconf 72' lang='grc' dir='ltr'>ἶ</span> 
     </span>
     <span class='ocr_line' id='line_1_31' title="bbox 213 2918 1267 3006; baseline -0.009 -17"><span class='ocrx_word' id='word_1_243' title='bbox 213 2924 367 2990; x_wconf 73' lang='lat' dir='ltr'>omnium:</span> <span class='ocrx_word' id='word_1_244' title='bbox 416 2922 526 3006; x_wconf 85' lang='lat' dir='ltr'>Atque</span> <span class='ocrx_word' id='word_1_245' title='bbox 556 2925 594 2987; x_wconf 89' lang='lat' dir='ltr'>ut</span> <span class='ocrx_word' id='word_1_246' title='bbox 626 2925 750 2987; x_wconf 87' lang='lat' dir='ltr'>ceterae</span> <span class='ocrx_word' id='word_1_247' title='bbox 781 2923 917 2987; x_wconf 85' lang='lat' dir='ltr'>naturae</span> <span class='ocrx_word' id='word_1_248' title='bbox 950 2919 1016 2986; x_wconf 88' lang='lat' dir='ltr'>suis</span> <span class='ocrx_word' id='word_1_249' title='bbox 1045 2918 1224 2984; x_wconf 87' lang='lat' dir='ltr'>seminibus</span> <span class='ocrx_word' id='word_1_250' title='bbox 1238 2936 1267 2977; x_wconf 80' lang='lat' dir='ltr'>ec</span> 
     </span>
     <span class='ocr_line' id='line_1_32' title="bbox 213 3007 1314 3180; baseline -0.005 -14"><span class='ocrx_word' id='word_1_251' title='bbox 213 3007 1225 3180; x_wconf 55' lang='lat' dir='ltr'>llt¹²³0tet¹²ltrltttttllltffteltllltt</span> <span class='ocrx_word' id='word_1_252' title='bbox 1313 3008 1314 3025; x_wconf 44' lang='lat'><strong>⁹</strong></span> 
     </span>
     <span class='ocr_line' id='line_1_33' title="bbox 212 3181 1225 3274; baseline -0.007 -18"><span class='ocrx_word' id='word_1_253' title='bbox 212 3187 444 3274; x_wconf 88' lang='lat' dir='ltr'>adpetitiones,</span> <span class='ocrx_word' id='word_1_254' title='bbox 473 3208 554 3272; x_wconf 90' lang='lat' dir='ltr'>ques</span> <span class='ocrx_word' id='word_1_255' title='bbox 581 3181 688 3271; x_wconf 77' lang='grc' dir='ltr'><em>ὁρμάς</em></span> <span class='ocrx_word' id='word_1_256' title='bbox 710 3184 825 3252; x_wconf 78' lang='lat' dir='ltr'>Graeci</span> <span class='ocrx_word' id='word_1_257' title='bbox 852 3189 984 3269; x_wconf 86' lang='lat' dir='ltr'>vocent,</span> <span class='ocrx_word' id='word_1_258' title='bbox 1013 3187 1047 3250; x_wconf 91' lang='lat' dir='ltr'>et</span> <span class='ocrx_word' id='word_1_259' title='bbox 1072 3182 1128 3249; x_wconf 86' lang='lat' dir='ltr'>his</span> <span class='ocrx_word' id='word_1_260' title='bbox 1150 3206 1225 3251; x_wconf 92' lang='lat' dir='ltr'>con-</span> 
     </span>
     <span class='ocr_line' id='line_1_34' title="bbox 212 3272 1225 3358; baseline -0.005 -15"><span class='ocrx_word' id='word_1_261' title='bbox 212 3281 387 3343; x_wconf 88' lang='lat' dir='ltr'>sentaneas</span> <span class='ocrx_word' id='word_1_262' title='bbox 417 3275 561 3341; x_wconf 89' lang='lat' dir='ltr'>actiones</span> <span class='ocrx_word' id='word_1_263' title='bbox 592 3275 638 3342; x_wconf 92' lang='lat' dir='ltr'>sic</span> <span class='ocrx_word' id='word_1_264' title='bbox 667 3274 814 3358; x_wconf 86' lang='lat' dir='ltr'>adhibet,</span> <span class='ocrx_word' id='word_1_265' title='bbox 843 3277 881 3339; x_wconf 91' lang='lat' dir='ltr'>ut</span> <span class='ocrx_word' id='word_1_266' title='bbox 906 3277 1035 3339; x_wconf 90' lang='lat' dir='ltr'>nosmet</span> <span class='ocrx_word' id='word_1_267' title='bbox 1057 3272 1135 3358; x_wconf 91' lang='lat' dir='ltr'>ipsi,</span> <span class='ocrx_word' id='word_1_268' title='bbox 1168 3272 1225 3358; x_wconf 86' lang='lat' dir='ltr'>qni</span> 
     </span>
     <span class='ocr_line' id='line_1_35' title="bbox 212 3361 1264 3449; baseline -0.004 -20"><span class='ocrx_word' id='word_1_269' title='bbox 212 3364 331 3429; x_wconf 89' lang='lat' dir='ltr'>animis</span> <span class='ocrx_word' id='word_1_270' title='bbox 350 3384 518 3430; x_wconf 79' lang='lat' dir='ltr'>movemur</span> <span class='ocrx_word' id='word_1_271' title='bbox 536 3367 570 3429; x_wconf 90' lang='lat' dir='ltr'>et</span> <span class='ocrx_word' id='word_1_272' title='bbox 590 3363 747 3429; x_wconf 83' lang='lat' dir='ltr'>sensibus</span> <span class='ocrx_word' id='word_1_273' title='bbox 784 3362 874 3427; x_wconf 87' lang='lat' dir='ltr'>Telis</span> <span class='ocrx_word' id='word_1_274' title='bbox 890 3362 993 3449; x_wconf 79' lang='lat' dir='ltr'>igitur</span> <span class='ocrx_word' id='word_1_275' title='bbox 1006 3383 1097 3427; x_wconf 89' lang='lat' dir='ltr'>mens</span> <span class='ocrx_word' id='word_1_276' title='bbox 1111 3361 1225 3426; x_wconf 89' lang='lat' dir='ltr'>mundi</span> <span class='ocrx_word' id='word_1_277' title='bbox 1238 3375 1264 3417; x_wconf 81' lang='lat'>³⁵</span> 
     </span>
     <span class='ocr_line' id='line_1_36' title="bbox 212 3448 1314 3537; baseline -0.003 -19"><span class='ocrx_word' id='word_1_278' title='bbox 212 3473 287 3518; x_wconf 90' lang='lat' dir='ltr'>cum</span> <span class='ocrx_word' id='word_1_279' title='bbox 314 3449 359 3516; x_wconf 93' lang='lat' dir='ltr'>sit</span> <span class='ocrx_word' id='word_1_280' title='bbox 385 3451 427 3518; x_wconf 91' lang='lat' dir='ltr'>cb</span> <span class='ocrx_word' id='word_1_281' title='bbox 456 3472 592 3537; x_wconf 87' lang='lat' dir='ltr'>eamque</span> <span class='ocrx_word' id='word_1_282' title='bbox 619 3472 751 3518; x_wconf 85' lang='lat' dir='ltr'>causam</span> <span class='ocrx_word' id='word_1_283' title='bbox 773 3450 826 3516; x_wconf 84' lang='lat' dir='ltr'>vel</span> <span class='ocrx_word' id='word_1_284' title='bbox 848 3448 1021 3535; x_wconf 84' lang='lat' dir='ltr'>prudentie</span> <span class='ocrx_word' id='word_1_285' title='bbox 1042 3449 1095 3516; x_wconf 83' lang='lat' dir='ltr'>vel</span> <span class='ocrx_word' id='word_1_286' title='bbox 1117 3448 1226 3535; x_wconf 77' lang='lat' dir='ltr'>prori-</span> <span class='ocrx_word' id='word_1_287' title='bbox 1313 3462 1314 3471; x_wconf 77' lang='grc'>’</span> 
     </span>
     <span class='ocr_line' id='line_1_37' title="bbox 212 3533 1225 3626; baseline -0.003 -22"><span class='ocrx_word' id='word_1_288' title='bbox 212 3538 323 3604; x_wconf 87' lang='lat' dir='ltr'>dantia</span> <span class='ocrx_word' id='word_1_289' title='bbox 353 3539 513 3626; x_wconf 86' lang='lat' dir='ltr'>appellari</span> <span class='ocrx_word' id='word_1_290' title='bbox 543 3542 631 3606; x_wconf 90' lang='lat' dir='ltr'>recte</span> <span class='ocrx_word' id='word_1_291' title='bbox 660 3538 766 3624; x_wconf 89' lang='lat' dir='ltr'>possit</span> <span class='ocrx_word' id='word_1_292' title='bbox 798 3537 935 3620; x_wconf 83' lang='lat' dir='ltr'>(Graece</span> <span class='ocrx_word' id='word_1_293' title='bbox 964 3538 1050 3604; x_wconf 91' lang='lat' dir='ltr'>enim</span> <span class='ocrx_word' id='word_1_294' title='bbox 1079 3533 1225 3621; x_wconf 77' lang='grc' dir='ltr'><strong><em>πρόνοια</em></strong></span> 
     </span>
    </p>
   </div>
   <div class='ocr_carea' id='block_1_3' title="bbox 0 0 1333 3908">
    <p class='ocr_par' dir='ltr' id='par_1_3' title="bbox 0 0 1333 3908">
     <span class='ocr_line' id='line_1_38' title="bbox 0 0 1333 3908; baseline 0 0"><span class='ocrx_word' id='word_1_295' title='bbox 0 0 1333 3908; x_wconf 95' lang='lat' dir='ltr'> </span> 
     </span>
    </p>
   </div>
  </div>
 </body>
</html>
