2654 3912
381 185 448 241 ΜΒ.
467 186 501 240 11.
531 185 607 240 OAP.
627 191 705 242 e-s.
728 192 744 253 s
764 191 876 241 14-19.
994 177 996 185 ’
1073 185 1138 248 411

128 335 222 396 turae
245 330 390 396 omnium
413 351 535 414 rerum,
558 329 719 396 rationem
741 328 847 394 inesse
869 328 904 393 in
927 351 966 395 ea
988 329 1140 395 oonfiten·

130 420 207 484 dum
230 423 288 484 est.
325 417 426 484 Utilis
450 439 520 483 esse
544 422 654 483 sutem
676 418 737 483 has
756 417 923 502 opiniones
943 416 1015 502 quis
1032 421 1141 505 neget,

131 528 229 592 quom
251 506 438 592 intellegat,
464 529 561 591 quam
584 506 690 571 multa
712 506 882 573 firmentur
903 506 973 571 iure
995 505 1141 590 iuraud0,

131 600 271 680 quantae
294 594 395 660 saluti
418 593 485 659 sint
507 594 674 660 foederum
692 594 877 681 religiones,
901 616 999 678 quam
1017 594 1141 660 multos

102 683 232 749 edivini
263 682 415 768 supplicii
442 686 549 748 metus
578 705 598 748 a
625 683 746 748 scelere
773 683 947 768 revocarit,
979 704 1141 768 quamque

130 776 244 838 sanata
271 771 315 837 sit
342 770 480 837 societas
508 771 627 836 civium
654 771 739 837 inter
761 771 851 857 ipsos
876 770 937 836 diis
960 770 1142 836 inmortali·

129 861 191 925 bus
217 852 421 945 interpositis
448 864 520 925 tum
541 858 715 944 iudicibus,
742 864 808 926 tum
829 859 993 925 testibus?
1028 857 1140 925 Habes

129 949 213 1035 legis
230 948 447 1034 prooemium3
465 947 512 1014 sio
530 948 616 1013 enim
634 948 714 1014 haee
733 948 879 1034 appellat
891 947 998 1014 Plato.
1022 947 1056 1029 Q.
1075 946 1141 1013 Hu-
1160 959 1193 1010 ιτ

129 1038 192 1103 beo
214 1059 306 1122 vero,
332 1036 448 1120 frater,
477 1039 511 1102 et
532 1036 567 1101 in
589 1036 651 1102 hoe
674 1035 847 1102 admodum
871 1036 1026 1121 delector,
1054 1035 1141 1122 quod

90 1143 116 1185 ιο
129 1125 165 1190 in
194 1125 269 1191 aliis
299 1125 396 1190 rebus
424 1124 561 1209 aliisquo
584 1124 753 1190 sententiis
781 1123 921 1191 versaris
949 1129 1047 1211 atque
1074 1124 1140 1191 ille.

128 1213 222 1278 Nihil
255 1214 341 1279 enim
372 1217 443 1278 tam
475 1213 633 1279 dissimile
666 1235 763 1298 quam
788 1214 841 1279 vel
871 1235 922 1299 ea,
955 1235 1037 1298 quae
1064 1217 1140 1280 ante

130 1302 253 1387 dixisti,
281 1302 332 1367 vel
359 1302 422 1368 hoo
444 1301 553 1387 ipsum
575 1302 615 1367 de
638 1301 705 1368 deis
729 1300 908 1386 exordium,
935 1324 1035 1368 unum
1057 1301 1140 1368 illud

129 1391 211 1456 mihi
236 1390 357 1456 videris
384 1389 523 1474 imitari,
550 1389 709 1456 orationis
738 1410 849 1477 genus.
889 1391 937 1455 M.
960 1388 1053 1455 Velle
1075 1390 1140 1456 for·

129 1484 231 1564 tasse,
250 1477 322 1563 quis
342 1478 428 1544 enim
447 1478 481 1543 id
494 1482 605 1564 potest
618 1483 676 1544 aut
689 1500 845 1563 umquam
858 1478 981 1564 poterit
993 1477 1139 1545 imitari?

90 1584 116 1635 15,
129 1566 216 1633 Nam
244 1567 422 1632 sententias
448 1566 658 1653 interpretari
684 1566 839 1652 perfacile
867 1569 932 1652 est,
961 1565 1047 1652 quod
1070 1566 1140 1651 qui·

129 1655 203 1722 dem
226 1676 288 1742 ego
310 1655 459 1739 facerem,
482 1654 546 1720 nisi
569 1656 667 1741 plane
690 1677 760 1721 esse
783 1656 901 1721 vellem
924 1676 1024 1720 meus.
1056 1652 1140 1730 Quid

129 1744 215 1810 enim
242 1743 368 1831 nogotii
396 1748 447 1809 est
469 1744 581 1809 eadem
603 1766 705 1831 prope
727 1743 836 1809 verbis
858 1743 962 1808 isdem
984 1764 1140 1809 conversa

130 1832 257 1899 dicere?
299 1832 334 1914 Q.
356 1829 495 1898 Prorsus
525 1832 703 1916 adsentior3
729 1854 854 1916 verum,
881 1835 920 1897 ut
946 1832 1043 1898 modo
1068 1835 1139 1898 tute

130 1921 250 2004 dixisti,
273 1924 306 1985 te
329 1941 400 1986 esse
423 1921 510 1986 malo
535 1925 637 1986 tuum.
674 1918 737 1985 Sed
754 1920 821 1985 iam
840 1941 1002 2006 exprome,
1026 1919 1054 1985 si
1071 1921 1139 2005 pla·

88 2027 115 2067 ὀ
129 2014 190 2094 oet,
212 2009 294 2074 istas
317 2008 407 2095 leges
431 2008 469 2074 de
492 2008 660 2095 religione.
694 2010 743 2074 M.
764 2009 964 2094 Expromam
982 2007 1139 2093 equidem,
1159 2020 1192 2071 18

129 2101 166 2164 ut
193 2101 322 2184 potero,
350 2101 396 2182 et,
425 2098 579 2182 quoniam
607 2101 640 2162 et
666 2098 757 2163 loeus
781 2101 814 2162 et
837 2118 943 2162 sermo
966 2096 1140 2162 familiaris

129 2190 189 2271 est,
212 2187 323 2272 legum
345 2186 436 2273 leges
457 2207 536 2252 vooe
554 2207 744 2272 proponam.
783 2186 817 2267 Q.
836 2183 996 2262 Quidnam
1015 2185 1048 2251 id
1067 2186 1139 2251 est?

128 2276 176 2341 M
199 2272 283 2340 Sunt
306 2278 394 2341 oerta
417 2274 527 2359 legum
550 2275 657 2359 verba,
682 2272 809 2359 Quinte,
831 2296 935 2360 neque
957 2274 1005 2339 ita
1022 2273 1140 2360 prisea,

3 2436 5 2441 .
128 2368 166 2429 ut
188 2364 223 2428 in
244 2363 409 2429 veteribus
428 2382 478 2428 ΧΗ
496 2363 696 2449 sacratisque
714 2363 857 2449 legibus,
880 2366 914 2428 et
931 2365 1051 2448 tamen,
1074 2385 1139 2447 quo

87 2467 115 2508 2⁵
128 2454 202 2537 plus
226 2452 431 2518 auctoritatis
454 2450 606 2535 habeant,
628 2451 727 2537 paulo
751 2450 944 2537 antiquiora,
967 2473 1065 2536 quam
1086 2452 1139 2518 hio

129 2561 235 2606 sermo
250 2544 309 2606 est.
331 2540 416 2605 Eum
430 2561 555 2605 morem
568 2539 670 2627 igitur
684 2562 757 2605 oum
770 2540 940 2624 brevitate,
955 2541 983 2605 si
992 2546 1139 2625 potuero,

129 2649 316 2712 consequar.
353 2627 457 2714 Leges
481 2632 590 2693 autem
613 2651 634 2694 a
655 2649 707 2693 me
731 2627 865 2694 edentur
887 2649 954 2694 non
975 2628 1138 2713 perfectae

129 2713 220 2800 (nam
243 2720 329 2781 esset
352 2713 540 2803 infinitum),
564 2717 620 2782 sed
638 2717 729 2803 ipsae
748 2737 893 2782 summae
911 2737 1021 2781 rerum
1040 2719 1138 2801 atque

129 2804 317 2870 sententiae.
365 2803 400 2885 Q.
421 2803 474 2870 Ita
496 2827 574 2870 vero
596 2826 726 2871 neeesse
751 2809 815 2890 est3
838 2825 937 2889 quare
961 2803 1138 2870 audiamus.
1157 2854 1179 2919 8

87 2910 115 2952 ao
194 2893 243 2959 M
265 2892 323 2957 Ad
350 2892 459 2958 divos
483 2894 650 2960 adeunto
674 2896 793 2978 ueste,
820 2892 1009 2978 pietatem
1032 2892 1138 2958 adhi·
1159 2931 1192 2982 19

128 2981 259 3065 bento,
291 3003 381 3066 opes
409 2987 622 3048 amovento.
668 2980 740 3058 Qui
766 3002 875 3047 serus
904 2980 1019 3066 faxit,
1046 2981 1137 3047 deus

127 3069 211 3155 ipse
233 3069 372 3135 vindex
396 3070 480 3135 erit.

195 3156 413 3243 separatim
439 3181 548 3225 nemo
566 3159 756 3230 ,habessit
784 3158 874 3224 deos
896 3179 992 3224 neve
1014 3180 1138 3225 novos

127 3267 222 3312 neve
250 3247 416 3312 advenas
443 3247 522 3313 nisi
547 3248 702 3333 publice
730 3246 919 3332 adscitos,
949 3246 1138 3334 privatim

85 3337 299 3421 acolunto,
322 3356 416 3420 quos
439 3335 516 3401 rite
539 3359 559 3401 o
581 3336 762 3422 patribus
784 3336 904 3402 auitos
920 3338 1137 3418 acceperint.

193 3424 242 3490 Ia
263 3424 416 3490 urbibus
442 3423 603 3489 delubra
625 3424 807 3508 habent03
834 3424 943 3489 lucos
966 3423 1006 3487 in
1029 3424 1137 3509 agris

126 3511 296 3578 habento
320 3516 358 3577 et
379 3510 519 3578 Larum
542 3513 661 3578 sedes.
