2652 3908
365 212 433 268 LIB.
451 212 487 269 11.
511 212 588 267 CAP.
608 218 721 268 16-19.
745 218 893 277 §rs-49.
1090 212 1133 276 63

116 358 317 445 cylindrum·
329 361 363 423 et
385 355 588 443 pyramidem
604 356 825 442 pulchriorem
844 377 942 441 quam
960 355 1134 442 sphaeram

117 448 234 514 videri
270 445 403 513 Novum
422 446 523 511 etiam
541 445 709 512 oculorum
727 445 881 511 iudicium
898 444 1037 529 habetis.
1071 441 1134 510 Sed

119 537 191 602 sint
211 535 278 602 ista
300 534 491 621 pulchriora
514 533 684 600 dumtaxat
707 539 849 620 aspectu,
875 533 961 619 quod
983 533 1065 599 mihi
1086 537 1135 598 ta·

118 647 199 690 men
216 625 325 711 ipsum
342 645 411 690 non
427 622 569 707 videtur3
593 622 670 707 quid
686 623 772 688 enim
785 622 953 707 pulchrius
968 644 1007 687 11
1019 622 1135 709 figura,

88 736 104 777 1
120 735 207 799 quac
226 714 299 778 sola
318 711 424 778 omnis
443 712 525 777 alias
543 711 667 798 figuras
685 712 854 797 complexa
867 711 1021 796 continet,
1040 731 1134 795 quae

120 824 187 888 que
212 801 297 866 nihil
324 800 513 886 asperitatis
536 799 671 884 habere,
697 798 780 864 nihil
804 799 992 866 offensionis
1014 802 1135 885 potest,

120 890 208 956 nihil
225 890 365 955 incisum
384 889 523 976 angulis,
545 888 629 953 nihil
648 887 858 973 anfractibus,
881 886 964 953 nihil
979 887 1136 972 eminens,

120 978 208 1045 nihil
240 979 454 1045 lacunosum?
491 999 564 1043 cum
587 998 627 1041 ue
660 976 741 1042 duae
772 975 898 1042 formae
929 979 1135 1062 praestantes

122 1068 202 1151 sint,
225 1087 264 1132 ex
286 1065 401 1132 solidis
424 1066 542 1153 globus
565 998 627 1152 1111
650 1065 736 1130 enim
759 1076 908 1150 σφαῖραν
925 1063 1137 1151 interpretari

80 1179 109 1221 ro
121 1153 256 1243 placet),
279 1175 319 1220 ex
336 1154 444 1240 planis
463 1158 573 1220 autem
592 1153 730 1220 circulus
749 1157 807 1219 aut
825 1154 923 1239 orbis,
946 1154 1002 1239 qui
1015 1150 1137 1230 κύκλος

124 1243 249 1310 Graece
271 1243 404 1329 dicitur,
432 1242 484 1309 his
508 1241 633 1308 duabus
655 1242 770 1308 formis
793 1242 956 1329 contingit
978 1242 1071 1326 solis,
1098 1244 1136 1306 ut

123 1353 238 1399 omnes
261 1352 374 1397 earum
391 1335 503 1418 partes
522 1331 589 1396 sint
606 1331 692 1395 inter
710 1352 745 1397 se
764 1330 961 1396 simillumae
979 1353 1000 1397 1
1017 1328 1136 1396 medio

16 1423 20 1428 ’
124 1443 188 1507 que
210 1419 404 1486 tantundem
427 1419 515 1485 absit
537 1423 726 1503 extremum,
750 1441 814 1505 quo
835 1419 920 1484 nihil
937 1418 1009 1484 fieri
1025 1421 1137 1505 potest

124 1509 245 1595 aptius.
290 1506 354 1575 Sed
376 1509 405 1573 si
427 1508 508 1574 haec
529 1530 595 1573 non
616 1508 744 1592 videtis,
767 1508 844 1593 quia
865 1530 1044 1593 numquam
1067 1528 1136 1572 eru-
1155 1518 1189 1570 48

81 1621 110 1664 11
124 1599 232 1663 ditum
249 1597 345 1662 11111111
362 1597 530 1682 pulverem
545 1596 714 1682 attigistis,
731 1618 772 1661 ne
786 1597 848 1662 hoc
863 1595 992 1681 quidem
1010 1594 1137 1683 physici

123 1687 318 1773 intellegere
339 1685 508 1771 potuistis,
535 1684 620 1751 hanc
643 1684 910 1769 aequabilitatem
933 1689 1041 1750 motus
1065 1705 1137 1750 eon·

124 1775 349 1859 stantiamque
372 1773 522 1840 ordinum
544 1773 578 1839 in
601 1773 668 1839 alia
688 1773 796 1860 figura
818 1795 884 1839 non
905 1773 1052 1859 potuisse
1073 1794 1137 1837 ser·

123 1864 220 1930 vari?
264 1862 381 1947 Itaque
403 1862 486 1928 nihil
508 1865 711 1947 potestesse
734 1861 906 1946 indoctius,
930 1883 1028 1947 quam
1051 1861 1138 1947 quod

125 1976 147 2019 a
169 1951 264 2018 vobis
288 1950 454 2017 adfirmari
477 1951 569 2016 solet.
608 1948 677 2017 Nec
700 1950 787 2016 enim
808 1950 895 2017 hunc
916 1950 1025 2036 ipsum
1047 1972 1138 2015 mun·

84 2063 113 2104 so
126 2041 205 2107 dum
218 2061 280 2126 pro
293 2044 382 2107 certo
396 2039 571 2106 rotundum
585 2060 657 2104 esse
671 2039 792 2123 dicitis3
805 2062 883 2105 nam
896 2061 993 2125 posse
1006 2039 1086 2125 fieri,
1099 2041 1138 2104 ut

126 2130 173 2196 sit
191 2129 258 2195 alia
274 2129 390 2215 figura,
408 2127 724 2212 innumerabilesque
742 2128 880 2194 mundos
898 2128 981 2194 alios
998 2128 1137 2193 aliarum

126 2240 199 2285 1111
212 2217 401 2283 formarum.
424 2214 522 2301 Quae,
537 2216 575 2300 si,
588 2216 639 2281 bis
653 2216 732 2281 bina
746 2220 826 2301 quot
840 2221 959 2302 essent,
972 2216 1137 2282 didicisset
1156 2230 1190 2280 41

126 2305 298 2393 Epicurus,
320 2308 407 2372 certo
428 2326 496 2371 non
518 2304 651 2389 diceret,
674 2304 731 2369 sed
753 2305 830 2370 dum
852 2305 975 2393 palato,
998 2305 1075 2391 quid
1093 2305 1138 2370 sit

127 2395 304 2481 optimum,
331 2393 466 2479 iudicat,
494 2392 610 2459 ‘caeli
637 2393 837 2479 palatum',
868 2397 906 2459 ut
933 2394 980 2459 ait
1002 2392 1137 2478 Ennius,

87 2503 196 2551 arnon
228 2482 382 2568 suspexit.
426 2480 514 2548 Nam
545 2502 618 2548 cum
650 2481 712 2547 duo
746 2482 813 2547 11111
840 2504 960 2570 genera
987 2481 1137 2567 siderum,
1150 2484 1190 2550 19

128 2593 268 2659 quorum
286 2571 426 2636 alterum
445 2569 561 2656 spatiis
579 2570 827 2636 inmutabilibus
846 2571 888 2637 ab
903 2576 978 2637 ortu
991 2571 1032 2636 ad
1049 2592 1138 2637 occa·

127 2683 203 2728 sum
224 2680 410 2727 commeans
431 2659 559 2725 nullum
582 2681 736 2744 umquam
759 2681 872 2725 cursus
893 2659 944 2725 sui
961 2659 1138 2747 vestigium

125 2749 288 2833 inflectat,
316 2748 456 2814 alterum
484 2751 593 2813 autem
616 2747 785 2814 continuas
809 2747 1034 2815 conversiones
1058 2748 1138 2814 duas

125 2837 232 2905 isdem
255 2835 371 2923 spatiis
394 2835 605 2921 cursibusque
628 2836 793 2922 conficiat,
824 2859 864 2903 ex
886 2839 1024 2922 utraque
1046 2858 1081 2903 re
1104 2838 1139 2903 11

87 2924 242 2993 »mundi
272 2923 476 3009 volubilitas,
509 2945 591 3010 quae
616 2924 681 2990 nisi
708 2924 743 2990 in
770 2925 909 3013 globosa
933 2925 1041 2991 forma
1067 2946 1138 2991 esse

126 3017 335 3171 1111111
345 3013 1139 3169 'ihffliimsir‘iiidffiddistudiissilidffidt

127 3124 293 3276 movetui,
314 3194 361 3277 ut,
383 3123 465 3258 1111111
480 3194 585 3257 terras
608 3191 703 3278 larga
725 3191 796 3257 luce
819 3126 1138 3279 cbmpliieritfeas·

128 3282 203 3347 dem
230 3279 328 3347 modo
354 3278 420 3365 his,
452 3279 549 3345 modo
575 3278 644 3344 illis
672 3301 711 3344 ex
732 3279 882 3364 partibus
906 3283 1034 3366 opacet3
1065 3280 1139 3365 ipsa

90 3369 216 3438 11111111
246 3367 363 3435 umbra
384 3371 492 3434 terrae
518 3366 582 3433 soli
604 3366 749 3434 officiens
771 3372 901 3434 noctem
923 3368 1037 3452 efficit,
1065 3389 1138 3435 noo·
1267 3399 1273 3408 ·

125 3462 302 3526 tumorum
334 3459 443 3524 autom
474 3455 656 3542 spatiorum
689 3456 802 3521 eadem
833 3459 885 3522 est
913 3456 1139 3541 aequabilitas,

127 3567 212 3633 quac
240 3544 442 3630 diurnorum
469 3543 676 3627 eiusdemque
704 3543 783 3609 solis
810 3548 881 3610 tum
902 3564 1049 3610 accessus
1072 3563 1138 3609 mo-
