<?xml version="1.0" encoding="UTF-8"?>
<!DOCTYPE html PUBLIC "-//W3C//DTD XHTML 1.0 Transitional//EN"
    "http://www.w3.org/TR/xhtml1/DTD/xhtml1-transitional.dtd">
<html xmlns="http://www.w3.org/1999/xhtml" xml:lang="en" lang="en">
 <head>
  <title>
</title>
<meta http-equiv="Content-Type" content="text/html;charset=utf-8" />
  <meta name='ocr-system' content='tesseract 3.04.00' />
  <meta name='ocr-capabilities' content='ocr_page ocr_carea ocr_par ocr_line ocrx_word'/>
</head>
<body>
  <div class='ocr_page' id='page_1' title='image "./mtulliiciceroni00salegoog_0296.png"; bbox 0 0 2652 3920; ppageno 0'>
   <div class='ocr_carea' id='block_1_1' title="bbox 374 232 1157 301">
    <p class='ocr_par' dir='ltr' id='par_1_1' title="bbox 374 232 1157 301">
     <span class='ocr_line' id='line_1_1' title="bbox 374 232 1157 301; baseline 0.018 -16"><span class='ocrx_word' id='word_1_1' title='bbox 374 233 442 288; x_wconf 77' lang='lat' dir='ltr'><strong>uns.</strong></span> <span class='ocrx_word' id='word_1_2' title='bbox 462 233 495 289; x_wconf 89' lang='lat'><strong>11.</strong></span> <span class='ocrx_word' id='word_1_3' title='bbox 515 232 592 288; x_wconf 79' lang='lat' dir='ltr'><strong>cAP.</strong></span> <span class='ocrx_word' id='word_1_4' title='bbox 611 239 724 288; x_wconf 80' lang='grc' dir='ltr'>ιιι-ιι.</span> <span class='ocrx_word' id='word_1_5' title='bbox 744 238 759 300; x_wconf 77' lang='lat' dir='ltr'><strong>s</strong></span> <span class='ocrx_word' id='word_1_6' title='bbox 779 240 926 290; x_wconf 80' lang='lat' dir='ltr'><strong>rso-rso.</strong></span> <span class='ocrx_word' id='word_1_7' title='bbox 1091 236 1157 301; x_wconf 79' lang='grc'><strong>243</strong></span> 
     </span>
    </p>
   </div>
   <div class='ocr_carea' id='block_1_2' title="bbox 108 375 1224 3119">
    <p class='ocr_par' dir='ltr' id='par_1_2' title="bbox 148 375 1210 728">
     <span class='ocr_line' id='line_1_2' title="bbox 148 375 1158 462; baseline 0.004 -21"><span class='ocrx_word' id='word_1_8' title='bbox 148 378 208 442; x_wconf 81' lang='lat' dir='ltr'><strong>aut</strong></span> <span class='ocrx_word' id='word_1_9' title='bbox 239 376 349 441; x_wconf 83' lang='lat' dir='ltr'><strong>omnia</strong></span> <span class='ocrx_word' id='word_1_10' title='bbox 380 375 472 461; x_wconf 89' lang='lat' dir='ltr'><strong>deus,</strong></span> <span class='ocrx_word' id='word_1_11' title='bbox 504 376 590 461; x_wconf 94' lang='lat' dir='ltr'><strong>quod</strong></span> <span class='ocrx_word' id='word_1_12' title='bbox 620 376 763 462; x_wconf 84' lang='lat' dir='ltr'><strong>negatis,</strong></span> <span class='ocrx_word' id='word_1_13' title='bbox 795 381 852 442; x_wconf 93' lang='lat' dir='ltr'><strong>aut</strong></span> <span class='ocrx_word' id='word_1_14' title='bbox 883 375 992 443; x_wconf 89' lang='lat' dir='ltr'><strong>omnia</strong></span> <span class='ocrx_word' id='word_1_15' title='bbox 1018 379 1158 445; x_wconf 82' lang='lat' dir='ltr'><strong>natura?</strong></span> 
     </span>
     <span class='ocr_line' id='line_1_3' title="bbox 150 463 1192 550; baseline 0.002 -21"><span class='ocrx_word' id='word_1_16' title='bbox 150 465 391 549; x_wconf 78' lang='lat' dir='ltr'><strong>quodquoniam</strong></span> <span class='ocrx_word' id='word_1_17' title='bbox 409 463 492 528; x_wconf 90' lang='lat' dir='ltr'><strong>illud</strong></span> <span class='ocrx_word' id='word_1_18' title='bbox 509 465 647 550; x_wconf 88' lang='lat' dir='ltr'><strong>negatis,</strong></span> <span class='ocrx_word' id='word_1_19' title='bbox 666 465 727 530; x_wconf 92' lang='lat' dir='ltr'><strong>hoc</strong></span> <span class='ocrx_word' id='word_1_20' title='bbox 745 465 926 530; x_wconf 85' lang='lat' dir='ltr'><strong>necessario</strong></span> <span class='ocrx_word' id='word_1_21' title='bbox 941 465 1157 531; x_wconf 86' lang='lat' dir='ltr'><strong>confitendum</strong></span> <span class='ocrx_word' id='word_1_22' title='bbox 1190 476 1192 484; x_wconf 61' lang='lat'><strong>⁴</strong></span> 
     </span>
     <span class='ocr_line' id='line_1_4' title="bbox 149 552 1210 639; baseline -0.003 -22"><span class='ocrx_word' id='word_1_23' title='bbox 149 556 209 618; x_wconf 88' lang='lat' dir='ltr'><strong>est.</strong></span> <span class='ocrx_word' id='word_1_24' title='bbox 240 552 403 618; x_wconf 88' lang='lat' dir='ltr'><strong>Naturam</strong></span> <span class='ocrx_word' id='word_1_25' title='bbox 421 556 531 618; x_wconf 86' lang='lat' dir='ltr'><strong>autem</strong></span> <span class='ocrx_word' id='word_1_26' title='bbox 549 575 621 618; x_wconf 88' lang='lat' dir='ltr'><strong>eam</strong></span> <span class='ocrx_word' id='word_1_27' title='bbox 640 553 720 638; x_wconf 91' lang='lat' dir='ltr'><strong>dico,</strong></span> <span class='ocrx_word' id='word_1_28' title='bbox 743 576 808 639; x_wconf 91' lang='lat' dir='ltr'><strong>qua</strong></span> <span class='ocrx_word' id='word_1_29' title='bbox 824 575 1002 638; x_wconf 88' lang='lat' dir='ltr'><strong>numquam</strong></span> <span class='ocrx_word' id='word_1_30' title='bbox 1022 554 1148 621; x_wconf 88' lang='lat' dir='ltr'><strong>animus</strong></span> <span class='ocrx_word' id='word_1_31' title='bbox 1159 565 1210 616; x_wconf 78' lang='lat'><strong>128</strong></span> 
     </span>
     <span class='ocr_line' id='line_1_5' title="bbox 149 641 1157 728; baseline 0.001 -22"><span class='ocrx_word' id='word_1_32' title='bbox 149 641 302 706; x_wconf 77' lang='lat' dir='ltr'><strong>insistens</strong></span> <span class='ocrx_word' id='word_1_33' title='bbox 333 642 512 726; x_wconf 76' lang='lat' dir='ltr'><strong>agitatione</strong></span> <span class='ocrx_word' id='word_1_34' title='bbox 542 645 575 706; x_wconf 88' lang='lat' dir='ltr'><strong>et</strong></span> <span class='ocrx_word' id='word_1_35' title='bbox 604 646 696 707; x_wconf 91' lang='lat' dir='ltr'><strong>motu</strong></span> <span class='ocrx_word' id='word_1_36' title='bbox 726 663 796 707; x_wconf 89' lang='lat' dir='ltr'><strong>esse</strong></span> <span class='ocrx_word' id='word_1_37' title='bbox 823 663 943 707; x_wconf 90' lang='lat' dir='ltr'><strong>vacuus</strong></span> <span class='ocrx_word' id='word_1_38' title='bbox 965 646 1084 728; x_wconf 88' lang='lat' dir='ltr'><strong>potest.</strong></span> <span class='ocrx_word' id='word_1_39' title='bbox 1124 642 1157 707; x_wconf 92' lang='lat' dir='ltr'><strong>Is</strong></span> 
     </span>
    </p>

    <p class='ocr_par' dir='ltr' id='par_1_3' title="bbox 123 729 1158 1171">
     <span class='ocr_line' id='line_1_6' title="bbox 123 729 1157 816; baseline 0.003 -23"><span class='ocrx_word' id='word_1_40' title='bbox 123 751 222 796; x_wconf 85' lang='lat' dir='ltr'><strong>scum</strong></span> <span class='ocrx_word' id='word_1_41' title='bbox 250 731 407 816; x_wconf 86' lang='lat' dir='ltr'><strong>languore</strong></span> <span class='ocrx_word' id='word_1_42' title='bbox 432 729 576 814; x_wconf 82' lang='lat' dir='ltr'><strong>corporis</strong></span> <span class='ocrx_word' id='word_1_43' title='bbox 599 752 658 796; x_wconf 89' lang='lat' dir='ltr'><strong>nec</strong></span> <span class='ocrx_word' id='word_1_44' title='bbox 680 729 834 795; x_wconf 85' lang='lat' dir='ltr'><strong>membris</strong></span> <span class='ocrx_word' id='word_1_45' title='bbox 856 730 986 796; x_wconf 83' lang='lat' dir='ltr'><strong>utinen</strong></span> <span class='ocrx_word' id='word_1_46' title='bbox 1009 731 1157 797; x_wconf 78' lang='lat' dir='ltr'><strong>sensibus</strong></span> 
     </span>
     <span class='ocr_line' id='line_1_7' title="bbox 149 818 1158 904; baseline 0.001 -20"><span class='ocrx_word' id='word_1_47' title='bbox 149 822 268 904; x_wconf 91' lang='lat' dir='ltr'><strong>potest,</strong></span> <span class='ocrx_word' id='word_1_48' title='bbox 290 818 403 883; x_wconf 81' lang='lat' dir='ltr'><strong>incidit</strong></span> <span class='ocrx_word' id='word_1_49' title='bbox 425 818 459 882; x_wconf 90' lang='lat' dir='ltr'><strong>in</strong></span> <span class='ocrx_word' id='word_1_50' title='bbox 482 818 553 883; x_wconf 88' lang='lat' dir='ltr'><strong>visa</strong></span> <span class='ocrx_word' id='word_1_51' title='bbox 575 819 667 883; x_wconf 86' lang='lat' dir='ltr'><strong>varia</strong></span> <span class='ocrx_word' id='word_1_52' title='bbox 689 822 723 884; x_wconf 90' lang='lat' dir='ltr'><strong>et</strong></span> <span class='ocrx_word' id='word_1_53' title='bbox 744 819 868 884; x_wconf 86' lang='lat' dir='ltr'><strong>incerta</strong></span> <span class='ocrx_word' id='word_1_54' title='bbox 886 840 925 883; x_wconf 85' lang='lat' dir='ltr'><strong>ex</strong></span> <span class='ocrx_word' id='word_1_55' title='bbox 943 818 1098 904; x_wconf 91' lang='lat' dir='ltr'><strong>reliquiis,</strong></span> <span class='ocrx_word' id='word_1_56' title='bbox 1120 824 1158 885; x_wconf 91' lang='lat' dir='ltr'><strong>ut</strong></span> 
     </span>
     <span class='ocr_line' id='line_1_8' title="bbox 150 905 1158 992; baseline 0.001 -21"><span class='ocrx_word' id='word_1_57' title='bbox 150 907 198 971; x_wconf 87' lang='lat' dir='ltr'><strong>ait</strong></span> <span class='ocrx_word' id='word_1_58' title='bbox 219 905 429 991; x_wconf 88' lang='lat' dir='ltr'><strong>Aristoteles,</strong></span> <span class='ocrx_word' id='word_1_59' title='bbox 455 906 699 972; x_wconf 79' lang='lat' dir='ltr'><strong>inhaerentibus</strong></span> <span class='ocrx_word' id='word_1_60' title='bbox 727 929 838 972; x_wconf 88' lang='lat' dir='ltr'><strong>earum</strong></span> <span class='ocrx_word' id='word_1_61' title='bbox 860 928 981 991; x_wconf 87' lang='lat' dir='ltr'><strong>rerum,</strong></span> <span class='ocrx_word' id='word_1_62' title='bbox 1010 929 1090 992; x_wconf 90' lang='lat' dir='ltr'><strong>quas</strong></span> <span class='ocrx_word' id='word_1_63' title='bbox 1112 909 1158 974; x_wconf 81' lang='lat' dir='ltr'><strong>vi-</strong></span> 
     </span>
     <span class='ocr_line' id='line_1_9' title="bbox 150 994 1157 1082; baseline 0.004 -23"><span class='ocrx_word' id='word_1_64' title='bbox 150 996 257 1082; x_wconf 86' lang='lat' dir='ltr'><strong>gilans</strong></span> <span class='ocrx_word' id='word_1_65' title='bbox 280 995 419 1082; x_wconf 77' lang='lat' dir='ltr'><strong>gesserit</strong></span> <span class='ocrx_word' id='word_1_66' title='bbox 442 999 499 1060; x_wconf 91' lang='lat' dir='ltr'><strong>aut</strong></span> <span class='ocrx_word' id='word_1_67' title='bbox 521 994 728 1081; x_wconf 78' lang='lat' dir='ltr'><strong>cogitaverit3</strong></span> <span class='ocrx_word' id='word_1_68' title='bbox 752 1017 889 1080; x_wconf 86' lang='lat' dir='ltr'><strong>quarum</strong></span> <span class='ocrx_word' id='word_1_69' title='bbox 911 996 1157 1079; x_wconf 76' lang='lat' dir='ltr'><strong>perturbatione</strong></span> 
     </span>
     <span class='ocr_line' id='line_1_10' title="bbox 149 1083 1158 1171; baseline 0.001 -22"><span class='ocrx_word' id='word_1_70' title='bbox 149 1084 313 1149; x_wconf 89' lang='lat' dir='ltr'><strong>mirabiles</strong></span> <span class='ocrx_word' id='word_1_71' title='bbox 327 1083 490 1149; x_wconf 90' lang='lat' dir='ltr'><strong>interdum</strong></span> <span class='ocrx_word' id='word_1_72' title='bbox 503 1084 648 1148; x_wconf 83' lang='lat' dir='ltr'><strong>existunt</strong></span> <span class='ocrx_word' id='word_1_73' title='bbox 661 1084 784 1171; x_wconf 89' lang='lat' dir='ltr'><strong>species</strong></span> <span class='ocrx_word' id='word_1_74' title='bbox 799 1084 1012 1169; x_wconf 81' lang='lat' dir='ltr'><strong>somniorum3</strong></span> <span class='ocrx_word' id='word_1_75' title='bbox 1033 1106 1115 1169; x_wconf 92' lang='lat' dir='ltr'><strong>quae</strong></span> <span class='ocrx_word' id='word_1_76' title='bbox 1129 1085 1158 1150; x_wconf 89' lang='lat' dir='ltr'><strong>si</strong></span> 
     </span>
    </p>

    <p class='ocr_par' dir='ltr' id='par_1_4' title="bbox 110 1171 1209 1612">
     <span class='ocr_line' id='line_1_11' title="bbox 110 1171 1206 1258; baseline 0 -25"><span class='ocrx_word' id='word_1_77' title='bbox 110 1194 137 1234; x_wconf 81' lang='lat' dir='ltr'><strong>ro</strong></span> <span class='ocrx_word' id='word_1_78' title='bbox 150 1173 216 1237; x_wconf 94' lang='lat' dir='ltr'><strong>alia</strong></span> <span class='ocrx_word' id='word_1_79' title='bbox 228 1171 322 1256; x_wconf 88' lang='lat' dir='ltr'><strong>falsa,</strong></span> <span class='ocrx_word' id='word_1_80' title='bbox 341 1172 407 1238; x_wconf 87' lang='lat' dir='ltr'><strong>alia</strong></span> <span class='ocrx_word' id='word_1_81' title='bbox 420 1194 506 1256; x_wconf 78' lang='lat' dir='ltr'><strong>vera,</strong></span> <span class='ocrx_word' id='word_1_82' title='bbox 524 1194 589 1258; x_wconf 89' lang='lat' dir='ltr'><strong>qua</strong></span> <span class='ocrx_word' id='word_1_83' title='bbox 601 1177 681 1238; x_wconf 90' lang='lat' dir='ltr'><strong>nota</strong></span> <span class='ocrx_word' id='word_1_84' title='bbox 694 1174 964 1257; x_wconf 79' lang='lat' dir='ltr'><strong>internoscantur,</strong></span> <span class='ocrx_word' id='word_1_85' title='bbox 983 1173 1065 1239; x_wconf 89' lang='lat' dir='ltr'><strong>scire</strong></span> <span class='ocrx_word' id='word_1_86' title='bbox 1079 1195 1157 1239; x_wconf 91' lang='lat' dir='ltr'><strong>sane</strong></span> <span class='ocrx_word' id='word_1_87' title='bbox 1188 1226 1191 1234; x_wconf 89' lang='lat'>.</span> <span class='ocrx_word' id='word_1_88' title='bbox 1205 1226 1206 1233; x_wconf 74' lang='grc'>,</span> 
     </span>
     <span class='ocr_line' id='line_1_12' title="bbox 149 1259 1156 1345; baseline 0.003 -20"><span class='ocrx_word' id='word_1_89' title='bbox 149 1260 256 1326; x_wconf 88' lang='lat' dir='ltr'><strong>velim.</strong></span> <span class='ocrx_word' id='word_1_90' title='bbox 293 1259 328 1325; x_wconf 85' lang='lat' dir='ltr'><strong>Si</strong></span> <span class='ocrx_word' id='word_1_91' title='bbox 349 1261 441 1326; x_wconf 92' lang='lat' dir='ltr'><strong>nulla</strong></span> <span class='ocrx_word' id='word_1_92' title='bbox 464 1265 523 1345; x_wconf 90' lang='lat' dir='ltr'><strong>est,</strong></span> <span class='ocrx_word' id='word_1_93' title='bbox 546 1261 623 1345; x_wconf 90' lang='lat' dir='ltr'><strong>quid</strong></span> <span class='ocrx_word' id='word_1_94' title='bbox 645 1261 727 1326; x_wconf 88' lang='lat' dir='ltr'><strong>istos</strong></span> <span class='ocrx_word' id='word_1_95' title='bbox 750 1261 908 1345; x_wconf 87' lang='lat' dir='ltr'><strong>interpret</strong></span> <span class='ocrx_word' id='word_1_96' title='bbox 910 1282 944 1325; x_wconf 87' lang='lat' dir='ltr'><strong>es</strong></span> <span class='ocrx_word' id='word_1_97' title='bbox 966 1262 1156 1328; x_wconf 77' lang='lat' dir='ltr'><strong>audiamus?</strong></span> 
     </span>
     <span class='ocr_line' id='line_1_13' title="bbox 150 1349 1157 1451; baseline 0.002 -38"><span class='ocrx_word' id='word_1_98' title='bbox 150 1349 201 1413; x_wconf 89' lang='lat' dir='ltr'><strong>sin</strong></span> <span class='ocrx_word' id='word_1_99' title='bbox 220 1349 390 1434; x_wconf 82' lang='lat' dir='ltr'><strong>quaepiam</strong></span> <span class='ocrx_word' id='word_1_100' title='bbox 408 1353 468 1433; x_wconf 90' lang='lat' dir='ltr'><strong>est,</strong></span> <span class='ocrx_word' id='word_1_101' title='bbox 483 1370 566 1451; x_wconf 80' lang='lat' dir='ltr'><strong>aveo</strong></span> <span class='ocrx_word' id='word_1_102' title='bbox 586 1349 705 1434; x_wconf 90' lang='lat' dir='ltr'><strong>audire,</strong></span> <span class='ocrx_word' id='word_1_103' title='bbox 724 1370 807 1434; x_wconf 88' lang='lat' dir='ltr'><strong>quae</strong></span> <span class='ocrx_word' id='word_1_104' title='bbox 823 1350 879 1433; x_wconf 78' lang='lat' dir='ltr'><strong>sit3</strong></span> <span class='ocrx_word' id='word_1_105' title='bbox 898 1349 955 1414; x_wconf 90' lang='lat' dir='ltr'><strong>sed</strong></span> <span class='ocrx_word' id='word_1_106' title='bbox 968 1350 1157 1416; x_wconf 88' lang='lat' dir='ltr'><strong>haerebunt.</strong></span> 
     </span>
     <span class='ocr_line' id='line_1_14' title="bbox 148 1415 1209 1543; baseline 0.004 -42"><span class='ocrx_word' id='word_1_107' title='bbox 148 1435 249 1502; x_wconf 89' lang='lat' dir='ltr'><strong>Venit</strong></span> <span class='ocrx_word' id='word_1_108' title='bbox 275 1438 360 1502; x_wconf 88' lang='lat' dir='ltr'><strong>euim</strong></span> <span class='ocrx_word' id='word_1_109' title='bbox 388 1437 454 1503; x_wconf 91' lang='lat' dir='ltr'><strong>iam</strong></span> <span class='ocrx_word' id='word_1_110' title='bbox 481 1437 515 1502; x_wconf 91' lang='lat' dir='ltr'><strong>in</strong></span> <span class='ocrx_word' id='word_1_111' title='bbox 542 1439 795 1523; x_wconf 81' lang='lat' dir='ltr'><strong>contentionem,</strong></span> <span class='ocrx_word' id='word_1_112' title='bbox 824 1441 934 1502; x_wconf 88' lang='lat' dir='ltr'><strong>utrum</strong></span> <span class='ocrx_word' id='word_1_113' title='bbox 962 1438 1007 1502; x_wconf 91' lang='lat' dir='ltr'><strong>sit</strong></span> <span class='ocrx_word' id='word_1_114' title='bbox 1028 1440 1144 1524; x_wconf 91' lang='lat' dir='ltr'><strong>proba·</strong></span> <span class='ocrx_word' id='word_1_115' title='bbox 1159 1415 1209 1543; x_wconf 49' lang='grc' dir='ltr'><strong>ἓξ</strong></span> 
     </span>
     <span class='ocr_line' id='line_1_15' title="bbox 150 1526 1158 1630; baseline 0.002 -39"><span class='ocrx_word' id='word_1_116' title='bbox 150 1526 261 1610; x_wconf 92' lang='lat' dir='ltr'><strong>bilius,</strong></span> <span class='ocrx_word' id='word_1_117' title='bbox 289 1526 407 1592; x_wconf 91' lang='lat' dir='ltr'><strong>deosne</strong></span> <span class='ocrx_word' id='word_1_118' title='bbox 429 1526 628 1629; x_wconf 82' lang='lat' dir='ltr'><strong>inmortalis,</strong></span> <span class='ocrx_word' id='word_1_119' title='bbox 655 1548 764 1591; x_wconf 88' lang='lat' dir='ltr'><strong>rerum</strong></span> <span class='ocrx_word' id='word_1_120' title='bbox 787 1526 932 1591; x_wconf 91' lang='lat' dir='ltr'><strong>omnium</strong></span> <span class='ocrx_word' id='word_1_121' title='bbox 954 1528 1158 1630; x_wconf 81' lang='lat' dir='ltr'><strong>praestantia</strong></span> 
     </span>
    </p>

    <p class='ocr_par' dir='ltr' id='par_1_5' title="bbox 111 1614 1224 2054">
     <span class='ocr_line' id='line_1_16' title="bbox 111 1614 1158 1715; baseline 0.005 -39"><span class='ocrx_word' id='word_1_122' title='bbox 111 1636 136 1677; x_wconf 79' lang='grc' dir='ltr'><strong>ιι</strong></span> <span class='ocrx_word' id='word_1_123' title='bbox 151 1615 346 1700; x_wconf 87' lang='lat' dir='ltr'><strong>excellentis,</strong></span> <span class='ocrx_word' id='word_1_124' title='bbox 368 1636 559 1681; x_wconf 84' lang='lat' dir='ltr'><strong>concursare</strong></span> <span class='ocrx_word' id='word_1_125' title='bbox 582 1616 697 1680; x_wconf 84' lang='lat' dir='ltr'><strong>circum</strong></span> <span class='ocrx_word' id='word_1_126' title='bbox 719 1614 863 1680; x_wconf 91' lang='lat' dir='ltr'><strong>omnium</strong></span> <span class='ocrx_word' id='word_1_127' title='bbox 881 1615 1078 1715; x_wconf 84' lang='lat' dir='ltr'><strong>mortalium,</strong></span> <span class='ocrx_word' id='word_1_128' title='bbox 1101 1617 1158 1700; x_wconf 90' lang='lat' dir='ltr'><strong>qui</strong></span> 
     </span>
     <span class='ocr_line' id='line_1_17' title="bbox 149 1702 1157 1790; baseline 0.003 -22"><span class='ocrx_word' id='word_1_129' title='bbox 149 1704 268 1788; x_wconf 91' lang='lat' dir='ltr'><strong>ubique</strong></span> <span class='ocrx_word' id='word_1_130' title='bbox 292 1707 377 1787; x_wconf 88' lang='lat' dir='ltr'><strong>sunt,</strong></span> <span class='ocrx_word' id='word_1_131' title='bbox 399 1724 466 1769; x_wconf 90' lang='lat' dir='ltr'><strong>non</strong></span> <span class='ocrx_word' id='word_1_132' title='bbox 488 1703 584 1769; x_wconf 93' lang='lat' dir='ltr'><strong>modo</strong></span> <span class='ocrx_word' id='word_1_133' title='bbox 607 1704 719 1788; x_wconf 90' lang='lat' dir='ltr'><strong>lectos,</strong></span> <span class='ocrx_word' id='word_1_134' title='bbox 742 1724 854 1768; x_wconf 88' lang='lat' dir='ltr'><strong>verum</strong></span> <span class='ocrx_word' id='word_1_135' title='bbox 878 1702 977 1767; x_wconf 88' lang='lat' dir='ltr'><strong>etiam</strong></span> <span class='ocrx_word' id='word_1_136' title='bbox 1000 1704 1157 1790; x_wconf 82' lang='lat' dir='ltr'><strong>grabatos</strong></span> 
     </span>
     <span class='ocr_line' id='line_1_18' title="bbox 149 1791 1224 1876; baseline 0.001 -19"><span class='ocrx_word' id='word_1_137' title='bbox 149 1795 195 1876; x_wconf 91' lang='lat' dir='ltr'><strong>et,</strong></span> <span class='ocrx_word' id='word_1_138' title='bbox 220 1815 294 1859; x_wconf 91' lang='lat' dir='ltr'><strong>cum</strong></span> <span class='ocrx_word' id='word_1_139' title='bbox 317 1796 509 1857; x_wconf 86' lang='lat' dir='ltr'><strong>stertentem</strong></span> <span class='ocrx_word' id='word_1_140' title='bbox 532 1792 674 1875; x_wconf 88' lang='lat' dir='ltr'><strong>aliquem</strong></span> <span class='ocrx_word' id='word_1_141' title='bbox 696 1791 849 1874; x_wconf 86' lang='lat' dir='ltr'><strong>viderint,</strong></span> <span class='ocrx_word' id='word_1_142' title='bbox 873 1791 1000 1857; x_wconf 86' lang='lat' dir='ltr'><strong>obicere</strong></span> <span class='ocrx_word' id='word_1_143' title='bbox 1022 1792 1063 1857; x_wconf 88' lang='lat' dir='ltr'><strong>iis</strong></span> <span class='ocrx_word' id='word_1_144' title='bbox 1085 1793 1158 1858; x_wconf 87' lang='lat' dir='ltr'><strong>visa</strong></span> <span class='ocrx_word' id='word_1_145' title='bbox 1221 1859 1224 1866; x_wconf 77' lang='grc'>,</span> 
     </span>
     <span class='ocr_line' id='line_1_19' title="bbox 150 1879 1156 1965; baseline 0.002 -20"><span class='ocrx_word' id='word_1_146' title='bbox 150 1881 306 1965; x_wconf 88' lang='lat' dir='ltr'><strong>quaedam</strong></span> <span class='ocrx_word' id='word_1_147' title='bbox 324 1884 474 1947; x_wconf 91' lang='lat' dir='ltr'><strong>tortuosa</strong></span> <span class='ocrx_word' id='word_1_148' title='bbox 492 1883 525 1945; x_wconf 89' lang='lat' dir='ltr'><strong>et</strong></span> <span class='ocrx_word' id='word_1_149' title='bbox 544 1881 690 1964; x_wconf 88' lang='lat' dir='ltr'><strong>obscura,</strong></span> <span class='ocrx_word' id='word_1_150' title='bbox 709 1902 790 1964; x_wconf 88' lang='lat' dir='ltr'><strong>quae</strong></span> <span class='ocrx_word' id='word_1_151' title='bbox 808 1879 859 1944; x_wconf 93' lang='lat' dir='ltr'><strong>illi</strong></span> <span class='ocrx_word' id='word_1_152' title='bbox 878 1880 1024 1945; x_wconf 87' lang='lat' dir='ltr'><strong>exterriti</strong></span> <span class='ocrx_word' id='word_1_153' title='bbox 1043 1902 1156 1946; x_wconf 90' lang='lat' dir='ltr'><strong>somno</strong></span> 
     </span>
     <span class='ocr_line' id='line_1_20' title="bbox 150 1969 1157 2054; baseline 0.002 -20"><span class='ocrx_word' id='word_1_154' title='bbox 150 1970 189 2034; x_wconf 89' lang='lat' dir='ltr'><strong>ad</strong></span> <span class='ocrx_word' id='word_1_155' title='bbox 214 1969 428 2035; x_wconf 89' lang='lat' dir='ltr'><strong>coniectorem</strong></span> <span class='ocrx_word' id='word_1_156' title='bbox 447 1991 541 2034; x_wconf 87' lang='lat' dir='ltr'><strong>mane</strong></span> <span class='ocrx_word' id='word_1_157' title='bbox 560 1969 714 2052; x_wconf 88' lang='lat' dir='ltr'><strong>deferant,</strong></span> <span class='ocrx_word' id='word_1_158' title='bbox 738 1991 781 2034; x_wconf 89' lang='lat' dir='ltr'><strong>au</strong></span> <span class='ocrx_word' id='word_1_159' title='bbox 797 1971 915 2033; x_wconf 88' lang='lat' dir='ltr'><strong>natura</strong></span> <span class='ocrx_word' id='word_1_160' title='bbox 933 1969 1013 2054; x_wconf 85' lang='lat' dir='ltr'><strong>fieri,</strong></span> <span class='ocrx_word' id='word_1_161' title='bbox 1035 1973 1072 2034; x_wconf 92' lang='lat' dir='ltr'><strong>ut</strong></span> <span class='ocrx_word' id='word_1_162' title='bbox 1089 1992 1157 2036; x_wconf 84' lang='lat' dir='ltr'><strong>mo</strong></span> 
     </span>
    </p>

    <p class='ocr_par' dir='ltr' id='par_1_6' title="bbox 109 2056 1157 2497">
     <span class='ocr_line' id='line_1_21' title="bbox 109 2056 1157 2144; baseline 0.006 -25"><span class='ocrx_word' id='word_1_163' title='bbox 109 2079 136 2120; x_wconf 85' lang='lat' dir='ltr'><strong>ao</strong></span> <span class='ocrx_word' id='word_1_164' title='bbox 150 2058 260 2123; x_wconf 89' lang='lat' dir='ltr'><strong>biliter</strong></span> <span class='ocrx_word' id='word_1_165' title='bbox 292 2059 418 2124; x_wconf 82' lang='lat' dir='ltr'><strong>ammos</strong></span> <span class='ocrx_word' id='word_1_166' title='bbox 452 2057 610 2144; x_wconf 84' lang='lat' dir='ltr'><strong>agitatus,</strong></span> <span class='ocrx_word' id='word_1_167' title='bbox 642 2058 728 2142; x_wconf 89' lang='lat' dir='ltr'><strong>quod</strong></span> <span class='ocrx_word' id='word_1_168' title='bbox 754 2056 896 2144; x_wconf 86' lang='lat' dir='ltr'><strong>vigilans</strong></span> <span class='ocrx_word' id='word_1_169' title='bbox 923 2057 1053 2142; x_wconf 86' lang='lat' dir='ltr'><strong>viderit,</strong></span> <span class='ocrx_word' id='word_1_170' title='bbox 1086 2058 1157 2125; x_wconf 90' lang='lat' dir='ltr'><strong>dor-</strong></span> 
     </span>
     <span class='ocr_line' id='line_1_22' title="bbox 149 2145 1157 2233; baseline 0.001 -22"><span class='ocrx_word' id='word_1_171' title='bbox 149 2147 252 2211; x_wconf 89' lang='lat' dir='ltr'><strong>miens</strong></span> <span class='ocrx_word' id='word_1_172' title='bbox 270 2146 377 2212; x_wconf 88' lang='lat' dir='ltr'><strong>videre</strong></span> <span class='ocrx_word' id='word_1_173' title='bbox 397 2146 554 2213; x_wconf 84' lang='lat' dir='ltr'><strong>videatur.</strong></span> <span class='ocrx_word' id='word_1_174' title='bbox 585 2146 705 2212; x_wconf 92' lang='lat' dir='ltr'><strong>Utrum</strong></span> <span class='ocrx_word' id='word_1_175' title='bbox 723 2145 932 2232; x_wconf 90' lang='lat' dir='ltr'><strong>philosophia</strong></span> <span class='ocrx_word' id='word_1_176' title='bbox 951 2145 1089 2233; x_wconf 85' lang='lat' dir='ltr'><strong>dignius,</strong></span> <span class='ocrx_word' id='word_1_177' title='bbox 1108 2169 1157 2212; x_wconf 88' lang='lat' dir='ltr'><strong>sa·</strong></span> 
     </span>
     <span class='ocr_line' id='line_1_23' title="bbox 149 2234 1157 2321; baseline 0.001 -21"><span class='ocrx_word' id='word_1_178' title='bbox 149 2257 265 2321; x_wconf 84' lang='lat' dir='ltr'><strong>garum</strong></span> <span class='ocrx_word' id='word_1_179' title='bbox 291 2235 521 2321; x_wconf 86' lang='lat' dir='ltr'><strong>superstitione</strong></span> <span class='ocrx_word' id='word_1_180' title='bbox 548 2235 614 2301; x_wconf 87' lang='lat' dir='ltr'><strong>ista</strong></span> <span class='ocrx_word' id='word_1_181' title='bbox 641 2234 849 2319; x_wconf 86' lang='lat' dir='ltr'><strong>interpretari</strong></span> <span class='ocrx_word' id='word_1_182' title='bbox 875 2256 918 2299; x_wconf 88' lang='lat' dir='ltr'><strong>an</strong></span> <span class='ocrx_word' id='word_1_183' title='bbox 942 2236 1157 2321; x_wconf 83' lang='lat' dir='ltr'><strong>explicatione</strong></span> 
     </span>
     <span class='ocr_line' id='line_1_24' title="bbox 149 2322 1156 2410; baseline 0.003 -22"><span class='ocrx_word' id='word_1_184' title='bbox 149 2325 306 2390; x_wconf 83' lang='lat' dir='ltr'><strong>naturae?</strong></span> <span class='ocrx_word' id='word_1_185' title='bbox 333 2328 383 2408; x_wconf 92' lang='lat' dir='ltr'><strong>ut,</strong></span> <span class='ocrx_word' id='word_1_186' title='bbox 406 2323 435 2390; x_wconf 89' lang='lat' dir='ltr'><strong>si</strong></span> <span class='ocrx_word' id='word_1_187' title='bbox 456 2324 522 2391; x_wconf 88' lang='lat' dir='ltr'><strong>iam</strong></span> <span class='ocrx_word' id='word_1_188' title='bbox 545 2324 616 2389; x_wconf 88' lang='lat' dir='ltr'><strong>fieri</strong></span> <span class='ocrx_word' id='word_1_189' title='bbox 637 2324 743 2410; x_wconf 89' lang='lat' dir='ltr'><strong>possit</strong></span> <span class='ocrx_word' id='word_1_190' title='bbox 766 2345 843 2388; x_wconf 83' lang='lat' dir='ltr'><strong>vera</strong></span> <span class='ocrx_word' id='word_1_191' title='bbox 866 2322 1051 2390; x_wconf 88' lang='lat' dir='ltr'><strong>coniectura</strong></span> <span class='ocrx_word' id='word_1_192' title='bbox 1073 2346 1156 2391; x_wconf 90' lang='lat' dir='ltr'><strong>som·</strong></span> 
     </span>
     <span class='ocr_line' id='line_1_25' title="bbox 148 2411 1157 2513; baseline 0 -35"><span class='ocrx_word' id='word_1_193' title='bbox 148 2415 290 2496; x_wconf 92' lang='lat' dir='ltr'><strong>niorum,</strong></span> <span class='ocrx_word' id='word_1_194' title='bbox 316 2416 427 2478; x_wconf 88' lang='lat' dir='ltr'><strong>tamen</strong></span> <span class='ocrx_word' id='word_1_195' title='bbox 453 2412 522 2495; x_wconf 89' lang='lat' dir='ltr'><strong>isti,</strong></span> <span class='ocrx_word' id='word_1_196' title='bbox 551 2412 606 2496; x_wconf 91' lang='lat' dir='ltr'><strong>qui</strong></span> <span class='ocrx_word' id='word_1_197' title='bbox 633 2413 840 2513; x_wconf 84' lang='lat' dir='ltr'><strong>profitentur,</strong></span> <span class='ocrx_word' id='word_1_198' title='bbox 868 2432 940 2477; x_wconf 86' lang='lat' dir='ltr'><strong>eam</strong></span> <span class='ocrx_word' id='word_1_199' title='bbox 962 2411 1069 2479; x_wconf 84' lang='lat' dir='ltr'><strong>lacera</strong></span> <span class='ocrx_word' id='word_1_200' title='bbox 1090 2437 1157 2480; x_wconf 91' lang='lat' dir='ltr'><strong>non</strong></span> 
     </span>
    </p>

    <p class='ocr_par' dir='ltr' id='par_1_7' title="bbox 108 2500 1208 2940">
     <span class='ocr_line' id='line_1_26' title="bbox 108 2500 1156 2604; baseline 0.008 -44"><span class='ocrx_word' id='word_1_201' title='bbox 108 2521 136 2561; x_wconf 83' lang='lat' dir='ltr'><strong>as</strong></span> <span class='ocrx_word' id='word_1_202' title='bbox 149 2503 290 2586; x_wconf 88' lang='lat' dir='ltr'><strong>possint,</strong></span> <span class='ocrx_word' id='word_1_203' title='bbox 327 2523 366 2566; x_wconf 84' lang='lat' dir='ltr'><strong>ex</strong></span> <span class='ocrx_word' id='word_1_204' title='bbox 401 2501 567 2566; x_wconf 83' lang='lat' dir='ltr'><strong>levissimo</strong></span> <span class='ocrx_word' id='word_1_205' title='bbox 602 2501 688 2601; x_wconf 82' lang='lat' dir='ltr'><strong>enim</strong></span> <span class='ocrx_word' id='word_1_206' title='bbox 720 2504 752 2565; x_wconf 88' lang='lat' dir='ltr'><strong>et</strong></span> <span class='ocrx_word' id='word_1_207' title='bbox 783 2500 1006 2566; x_wconf 91' lang='lat' dir='ltr'><strong>indoctissimo</strong></span> <span class='ocrx_word' id='word_1_208' title='bbox 1039 2523 1156 2604; x_wconf 81' lang='lat' dir='ltr'><strong>genere</strong></span> 
     </span>
     <span class='ocr_line' id='line_1_27' title="bbox 149 2586 1157 2674; baseline 0.001 -19"><span class='ocrx_word' id='word_1_209' title='bbox 149 2611 226 2655; x_wconf 90' lang='lat' dir='ltr'><strong>cons</strong></span> <span class='ocrx_word' id='word_1_210' title='bbox 228 2593 309 2654; x_wconf 88' lang='lat' dir='ltr'><strong>t.ant</strong></span> <span class='ocrx_word' id='word_1_211' title='bbox 346 2586 526 2654; x_wconf 82' lang='lat' dir='ltr'><strong>Stoioit</strong></span> <span class='ocrx_word' id='word_1_212' title='bbox 470 2593 526 2655; x_wconf 91' lang='lat' dir='ltr'><strong>aut</strong></span> <span class='ocrx_word' id='word_1_213' title='bbox 528 2609 578 2653; x_wconf 91' lang='lat' dir='ltr'><strong>em</strong></span> <span class='ocrx_word' id='word_1_214' title='bbox 602 2588 651 2653; x_wconf 89' lang='lat' dir='ltr'><strong>tui</strong></span> <span class='ocrx_word' id='word_1_215' title='bbox 673 2593 796 2674; x_wconf 88' lang='lat' dir='ltr'><strong>negant</strong></span> <span class='ocrx_word' id='word_1_216' title='bbox 814 2610 1008 2673; x_wconf 90' lang='lat' dir='ltr'><strong>quemquam</strong></span> <span class='ocrx_word' id='word_1_217' title='bbox 1026 2591 1089 2655; x_wconf 91' lang='lat' dir='ltr'><strong>nisi</strong></span> <span class='ocrx_word' id='word_1_218' title='bbox 1108 2613 1157 2656; x_wconf 90' lang='lat' dir='ltr'><strong>sa·</strong></span> 
     </span>
     <span class='ocr_line' id='line_1_28' title="bbox 149 2675 1208 2829; baseline 0.005 -88"><span class='ocrx_word' id='word_1_219' title='bbox 149 2679 238 2829; x_wconf 85' lang='lat' dir='ltr'><strong>pient</strong></span> <span class='ocrx_word' id='word_1_220' title='bbox 241 2700 290 2741; x_wconf 91' lang='lat' dir='ltr'><strong>em</strong></span> <span class='ocrx_word' id='word_1_221' title='bbox 310 2678 453 2742; x_wconf 81' lang='lat' dir='ltr'><strong>divinum</strong></span> <span class='ocrx_word' id='word_1_222' title='bbox 472 2698 542 2743; x_wconf 88' lang='lat' dir='ltr'><strong>esse</strong></span> <span class='ocrx_word' id='word_1_223' title='bbox 560 2698 665 2762; x_wconf 92' lang='lat' dir='ltr'><strong>posse.</strong></span> <span class='ocrx_word' id='word_1_224' title='bbox 701 2675 903 2763; x_wconf 81' lang='lat' dir='ltr'><strong>Chrysippus</strong></span> <span class='ocrx_word' id='word_1_225' title='bbox 922 2677 1051 2761; x_wconf 89' lang='lat' dir='ltr'><strong>quidem</strong></span> <span class='ocrx_word' id='word_1_226' title='bbox 1069 2680 1147 2745; x_wconf 82' lang='lat' dir='ltr'><strong>divi-</strong></span> <span class='ocrx_word' id='word_1_227' title='bbox 1159 2695 1208 2746; x_wconf 79' lang='lat' dir='ltr'><strong>luo</strong></span> 
     </span>
     <span class='ocr_line' id='line_1_29' title="bbox 149 2765 1157 2852; baseline 0.005 -23"><span class='ocrx_word' id='word_1_228' title='bbox 149 2770 207 2831; x_wconf 91' lang='lat' dir='ltr'><strong>nat</strong></span> <span class='ocrx_word' id='word_1_229' title='bbox 208 2765 315 2830; x_wconf 88' lang='lat' dir='ltr'><strong>ionem</strong></span> <span class='ocrx_word' id='word_1_230' title='bbox 342 2765 454 2830; x_wconf 87' lang='lat' dir='ltr'><strong>definit</strong></span> <span class='ocrx_word' id='word_1_231' title='bbox 476 2765 528 2829; x_wconf 90' lang='lat' dir='ltr'><strong>his</strong></span> <span class='ocrx_word' id='word_1_232' title='bbox 551 2765 673 2830; x_wconf 88' lang='lat' dir='ltr'><strong>verbis:</strong></span> <span class='ocrx_word' id='word_1_233' title='bbox 700 2765 775 2831; x_wconf 79' lang='lat' dir='ltr'><strong>vim</strong></span> <span class='ocrx_word' id='word_1_234' title='bbox 798 2769 1095 2852; x_wconf 86' lang='lat' dir='ltr'><strong>cognoscentem</strong></span> <span class='ocrx_word' id='word_1_235' title='bbox 1119 2772 1157 2834; x_wconf 83' lang='lat' dir='ltr'><strong>et</strong></span> 
     </span>
     <span class='ocr_line' id='line_1_30' title="bbox 149 2853 1156 2940; baseline 0.002 -21"><span class='ocrx_word' id='word_1_236' title='bbox 149 2854 343 2920; x_wconf 82' lang='lat' dir='ltr'><strong>videntem</strong></span> <span class='ocrx_word' id='word_1_237' title='bbox 366 2859 404 2918; x_wconf 90' lang='lat' dir='ltr'><strong>et</strong></span> <span class='ocrx_word' id='word_1_238' title='bbox 427 2853 685 2939; x_wconf 84' lang='lat' dir='ltr'><strong>explicantem</strong></span> <span class='ocrx_word' id='word_1_239' title='bbox 709 2853 834 2940; x_wconf 83' lang='lat' dir='ltr'><strong>signa,</strong></span> <span class='ocrx_word' id='word_1_240' title='bbox 858 2875 954 2938; x_wconf 90' lang='lat' dir='ltr'><strong>quae</strong></span> <span class='ocrx_word' id='word_1_241' title='bbox 976 2877 996 2919; x_wconf 92' lang='lat' dir='ltr'><strong>a</strong></span> <span class='ocrx_word' id='word_1_242' title='bbox 1015 2855 1072 2920; x_wconf 92' lang='lat' dir='ltr'><strong>dis</strong></span> <span class='ocrx_word' id='word_1_243' title='bbox 1091 2856 1156 2922; x_wconf 94' lang='lat' dir='ltr'><strong>ho·</strong></span> 
     </span>
    </p>

    <p class='ocr_par' dir='ltr' id='par_1_8' title="bbox 109 2941 1155 3119">
     <span class='ocr_line' id='line_1_31' title="bbox 109 2941 1155 3028; baseline 0.009 -27"><span class='ocrx_word' id='word_1_244' title='bbox 109 2942 317 3008; x_wconf 73' lang='lat' dir='ltr'><strong>nominibus</strong></span> <span class='ocrx_word' id='word_1_245' title='bbox 349 2942 646 3028; x_wconf 83' lang='lat' dir='ltr'><strong>portendantur3</strong></span> <span class='ocrx_word' id='word_1_246' title='bbox 678 2941 820 3007; x_wconf 80' lang='lat' dir='ltr'><strong>officium</strong></span> <span class='ocrx_word' id='word_1_247' title='bbox 852 2946 961 3008; x_wconf 87' lang='lat' dir='ltr'><strong>autem</strong></span> <span class='ocrx_word' id='word_1_248' title='bbox 989 2965 1059 3009; x_wconf 89' lang='lat' dir='ltr'><strong>esse</strong></span> <span class='ocrx_word' id='word_1_249' title='bbox 1086 2946 1155 3010; x_wconf 89' lang='lat' dir='ltr'><strong>eins</strong></span> 
     </span>
     <span class='ocr_line' id='line_1_32' title="bbox 148 3030 1155 3119; baseline 0.002 -22"><span class='ocrx_word' id='word_1_250' title='bbox 148 3052 369 3119; x_wconf 86' lang='lat' dir='ltr'><strong>praenoscere,</strong></span> <span class='ocrx_word' id='word_1_251' title='bbox 392 3030 443 3095; x_wconf 90' lang='lat' dir='ltr'><strong>dei</strong></span> <span class='ocrx_word' id='word_1_252' title='bbox 461 3052 540 3117; x_wconf 88' lang='lat' dir='ltr'><strong>erga</strong></span> <span class='ocrx_word' id='word_1_253' title='bbox 556 3031 704 3096; x_wconf 88' lang='lat' dir='ltr'><strong>homines</strong></span> <span class='ocrx_word' id='word_1_254' title='bbox 722 3035 830 3096; x_wconf 87' lang='lat' dir='ltr'><strong>mente</strong></span> <span class='ocrx_word' id='word_1_255' title='bbox 849 3051 913 3115; x_wconf 90' lang='lat' dir='ltr'><strong>qua</strong></span> <span class='ocrx_word' id='word_1_256' title='bbox 931 3032 997 3096; x_wconf 87' lang='lat' dir='ltr'><strong>sint</strong></span> <span class='ocrx_word' id='word_1_257' title='bbox 1015 3032 1155 3119; x_wconf 91' lang='lat' dir='ltr'><strong>quidque</strong></span> 
     </span>
    </p>
   </div>
   <div class='ocr_carea' id='block_1_3' title="bbox 109 3119 1155 3722">
    <p class='ocr_par' dir='ltr' id='par_1_9' title="bbox 149 3119 1155 3223">
     <span class='ocr_line' id='line_1_33' title="bbox 149 3119 1155 3223; baseline 0.001 -36"><span class='ocrx_word' id='word_1_258' title='bbox 149 3120 341 3223; x_wconf 82' lang='lat' dir='ltr'><strong>significent,</strong></span> <span class='ocrx_word' id='word_1_259' title='bbox 364 3141 459 3204; x_wconf 88' lang='lat' dir='ltr'><strong>quem</strong></span> <span class='ocrx_word' id='word_1_260' title='bbox 482 3119 738 3222; x_wconf 83' lang='lat' dir='ltr'><strong>admodumque</strong></span> <span class='ocrx_word' id='word_1_261' title='bbox 762 3142 800 3186; x_wconf 91' lang='lat' dir='ltr'><strong>ea</strong></span> <span class='ocrx_word' id='word_1_262' title='bbox 822 3124 1034 3205; x_wconf 88' lang='lat' dir='ltr'><strong>procurentur</strong></span> <span class='ocrx_word' id='word_1_263' title='bbox 1057 3126 1155 3208; x_wconf 88' lang='lat' dir='ltr'><strong>atque</strong></span> 
     </span>
    </p>

    <p class='ocr_par' dir='ltr' id='par_1_10' title="bbox 148 3207 1155 3295">
     <span class='ocr_line' id='line_1_34' title="bbox 148 3207 1155 3295; baseline 0.004 -20"><span class='ocrx_word' id='word_1_264' title='bbox 148 3210 326 3295; x_wconf 85' lang='lat' dir='ltr'><strong>expientur.</strong></span> <span class='ocrx_word' id='word_1_265' title='bbox 368 3207 521 3292; x_wconf 90' lang='lat' dir='ltr'><strong>Idemque</strong></span> <span class='ocrx_word' id='word_1_266' title='bbox 553 3208 752 3274; x_wconf 91' lang='lat' dir='ltr'><strong>somniorum</strong></span> <span class='ocrx_word' id='word_1_267' title='bbox 783 3208 1015 3275; x_wconf 89' lang='lat' dir='ltr'><strong>coniectionem</strong></span> <span class='ocrx_word' id='word_1_268' title='bbox 1043 3212 1155 3279; x_wconf 83' lang='lat' dir='ltr'><strong>definit</strong></span> 
     </span>
    </p>

    <p class='ocr_par' dir='ltr' id='par_1_11' title="bbox 148 3295 1155 3404">
     <span class='ocr_line' id='line_1_35' title="bbox 148 3295 1155 3404; baseline 0.004 -41"><span class='ocrx_word' id='word_1_269' title='bbox 148 3298 210 3364; x_wconf 95' lang='lat' dir='ltr'><strong>hoc</strong></span> <span class='ocrx_word' id='word_1_270' title='bbox 237 3298 346 3364; x_wconf 84' lang='lat' dir='ltr'><strong>modo:</strong></span> <span class='ocrx_word' id='word_1_271' title='bbox 373 3318 443 3362; x_wconf 86' lang='lat' dir='ltr'><strong>esse</strong></span> <span class='ocrx_word' id='word_1_272' title='bbox 470 3295 545 3363; x_wconf 83' lang='lat' dir='ltr'><strong>vim</strong></span> <span class='ocrx_word' id='word_1_273' title='bbox 569 3301 786 3363; x_wconf 87' lang='lat' dir='ltr'><strong>cernentem</strong></span> <span class='ocrx_word' id='word_1_274' title='bbox 810 3301 848 3363; x_wconf 88' lang='lat' dir='ltr'><strong>at</strong></span> <span class='ocrx_word' id='word_1_275' title='bbox 870 3299 1155 3404; x_wconf 86' lang='lat' dir='ltr'><strong>explanantem,</strong></span> 
     </span>
    </p>

    <p class='ocr_par' dir='ltr' id='par_1_12' title="bbox 109 3384 1154 3472">
     <span class='ocr_line' id='line_1_36' title="bbox 109 3384 1154 3472; baseline 0.005 -22"><span class='ocrx_word' id='word_1_276' title='bbox 109 3400 244 3471; x_wconf 80' lang='lat' dir='ltr'><strong>³⁵quae</strong></span> <span class='ocrx_word' id='word_1_277' title='bbox 271 3410 291 3452; x_wconf 87' lang='lat' dir='ltr'><strong>a</strong></span> <span class='ocrx_word' id='word_1_278' title='bbox 313 3386 372 3451; x_wconf 91' lang='lat' dir='ltr'><strong>d1s</strong></span> <span class='ocrx_word' id='word_1_279' title='bbox 394 3384 615 3451; x_wconf 89' lang='lat' dir='ltr'><strong>homiuibus</strong></span> <span class='ocrx_word' id='word_1_280' title='bbox 639 3385 868 3472; x_wconf 85' lang='lat' dir='ltr'><strong>significent</strong></span> <span class='ocrx_word' id='word_1_281' title='bbox 873 3407 916 3451; x_wconf 89' lang='lat' dir='ltr'><strong>ur</strong></span> <span class='ocrx_word' id='word_1_282' title='bbox 938 3386 977 3452; x_wconf 89' lang='lat' dir='ltr'><strong>in</strong></span> <span class='ocrx_word' id='word_1_283' title='bbox 1000 3391 1154 3455; x_wconf 90' lang='lat' dir='ltr'><strong>somnis</strong></span> 
     </span>
    </p>

    <p class='ocr_par' dir='ltr' id='par_1_13' title="bbox 149 3473 1153 3576">
     <span class='ocr_line' id='line_1_37' title="bbox 149 3473 1153 3576; baseline 0.004 -36"><span class='ocrx_word' id='word_1_284' title='bbox 149 3474 231 3551; x_wconf 80' lang='lat' dir='ltr'><strong>Quid</strong></span> <span class='ocrx_word' id='word_1_285' title='bbox 259 3475 360 3561; x_wconf 78' lang='lat' dir='ltr'><strong>ergo?</strong></span> <span class='ocrx_word' id='word_1_286' title='bbox 390 3475 431 3541; x_wconf 88' lang='lat' dir='ltr'><strong>ad</strong></span> <span class='ocrx_word' id='word_1_287' title='bbox 457 3473 538 3541; x_wconf 90' lang='lat' dir='ltr'><strong>hacc</strong></span> <span class='ocrx_word' id='word_1_288' title='bbox 565 3473 718 3540; x_wconf 90' lang='lat' dir='ltr'><strong>mediocri</strong></span> <span class='ocrx_word' id='word_1_289' title='bbox 741 3495 822 3576; x_wconf 85' lang='lat' dir='ltr'><strong>opus</strong></span> <span class='ocrx_word' id='word_1_290' title='bbox 846 3479 897 3541; x_wconf 91' lang='lat' dir='ltr'><strong>est</strong></span> <span class='ocrx_word' id='word_1_291' title='bbox 918 3477 1090 3561; x_wconf 87' lang='lat' dir='ltr'><strong>prudentia</strong></span> <span class='ocrx_word' id='word_1_292' title='bbox 1112 3500 1153 3544; x_wconf 91' lang='lat' dir='ltr'><strong>an</strong></span> 
     </span>
    </p>

    <p class='ocr_par' dir='ltr' id='par_1_14' title="bbox 149 3562 1151 3722">
     <span class='ocr_line' id='line_1_38' title="bbox 149 3562 1151 3652; baseline 0.001 -23"><span class='ocrx_word' id='word_1_293' title='bbox 149 3564 217 3630; x_wconf 88' lang='lat' dir='ltr'><strong>et</strong></span> <span class='ocrx_word' id='word_1_294' title='bbox 208 3564 339 3652; x_wconf 83' lang='lat' dir='ltr'><strong>mgenio</strong></span> <span class='ocrx_word' id='word_1_295' title='bbox 365 3563 547 3649; x_wconf 89' lang='lat' dir='ltr'><strong>praestanti</strong></span> <span class='ocrx_word' id='word_1_296' title='bbox 573 3568 608 3629; x_wconf 87' lang='lat' dir='ltr'><strong>et</strong></span> <span class='ocrx_word' id='word_1_297' title='bbox 634 3563 750 3629; x_wconf 87' lang='lat' dir='ltr'><strong>erudit</strong></span> <span class='ocrx_word' id='word_1_298' title='bbox 740 3585 814 3629; x_wconf 87' lang='lat' dir='ltr'><strong>rone</strong></span> <span class='ocrx_word' id='word_1_299' title='bbox 840 3562 1004 3650; x_wconf 80' lang='lat' dir='ltr'><strong>perfecta?</strong></span> <span class='ocrx_word' id='word_1_300' title='bbox 1040 3564 1151 3631; x_wconf 83' lang='lat' dir='ltr'><strong>Talem</strong></span> 
     </span>
     <span class='ocr_line' id='line_1_39' title="bbox 887 3665 940 3722; baseline 0.019 -1"><span class='ocrx_word' id='word_1_301' title='bbox 887 3665 940 3722; x_wconf 72' lang='lat'><strong>16*</strong></span> 
     </span>
    </p>
   </div>
   <div class='ocr_carea' id='block_1_4' title="bbox 0 0 1330 3920">
    <p class='ocr_par' dir='ltr' id='par_1_15' title="bbox 0 0 1330 3920">
     <span class='ocr_line' id='line_1_40' title="bbox 0 0 1330 3920; baseline 0 1"><span class='ocrx_word' id='word_1_302' title='bbox 0 0 1330 3920; x_wconf 95' lang='lat' dir='ltr'><strong> </strong></span> 
     </span>
    </p>
   </div>
  </div>
 </body>
</html>
