2652 3920
192 199 258 264 230
535 197 584 252 Du
603 195 846 252 DIVINATIONE

190 351 304 411 eoruin
330 343 364 409 ri
390 342 516 408 caelum
539 342 635 408 modo
658 343 734 426 hoc,
761 341 857 407 modo
878 341 938 408 illo
961 341 1058 407 modo
1080 344 1203 426 tempe·

191 435 295 515 ratur,
313 431 370 517 qni
387 434 498 517 potest
516 431 629 496 eadem
646 431 696 496 vis
716 452 786 496 esse
803 429 1015 514 nascentium,
1032 452 1107 496 cum
1120 428 1204 495 caeli

188 514 287 586 tanta
314 520 359 586 sit
386 518 639 585 dissimilitudo?
670 517 711 583 In
731 518 787 586 his,
806 518 901 602 lociS,
929 539 1012 602 quac
1035 540 1095 583 nos
1117 517 1204 584 inco·

191 610 303 692 limus,
331 611 409 695 post
436 608 615 673 solstitium
642 605 798 672 Canicula
825 607 982 691 exoritur,
1012 610 1047 671 et
1072 605 1203 692 quidem

192 696 319 782 aliquot
337 696 461 780 diebus,
484 700 519 761 at
537 695 623 781 apud
637 694 865 782 Troglodytas,
888 698 926 759 ut
944 693 1107 778 scribitur,
1125 697 1202 759 ante
1230 713 1243 753 s

192 784 384 868 solstitium,
411 787 462 868 ut,
491 783 608 849 eiiam
631 784 843 849 concedamus
867 782 992 868 aliquid
1012 783 1080 849 vim
1102 783 1204 849 caele·

193 879 278 940 stem
301 873 342 939 ad
365 894 434 956 eos,
461 872 517 956 qui
538 872 684 937 interra
707 871 899 959 gignuntur,
926 872 1103 957 pertinere,
1130 893 1204 936 con·

191 961 349 1028 fitendum
377 961 421 1026 sit
442 959 510 1025 illis
534 981 603 1045 eos,
632 960 689 1044 qni
709 964 888 1026 nascuntur
910 960 1030 1025 eodem
1046 963 1204 1044 tempore,

192 1071 289 1136 posse
311 1049 347 1114 in
369 1048 536 1114 dissimilis
559 1048 699 1115 incidere
721 1052 857 1113 naturas
878 1053 1014 1134 propter
1036 1048 1119 1114 caeli
1140 1047 1204 1112 dis·

193 1136 453 1220 similitudinem
480 1137 568 1221 quod
589 1137 722 1202 minime
743 1136 811 1201 illis
834 1137 956 1223 placet3
978 1137 1094 1202 volunt
1116 1135 1204 1200 enim
1218 1156 1244 1196 ιο

141 1226 245 1339 45ἱΙΙί
267 1225 373 1291 omnis
396 1225 508 1291 eodem
530 1229 678 1310 tempore
701 1229 802 1308 ortos,
823 1225 880 1309 qni
901 1224 1021 1310 ubique
1039 1224 1106 1289 sint
1123 1225 1204 1308 nati,

141 1354 175 1402 94
195 1314 307 1380 eadem
329 1313 516 1380 condicione
532 1313 632 1379 nasci.
668 1310 733 1378 Sed
750 1336 832 1399 quae
850 1317 945 1378 tauta
963 1313 1125 1378 dementia
1143 1317 1204 1396 est,

194 1407 231 1469 ut
259 1402 295 1468 iu
323 1401 483 1468 maxumis
514 1402 656 1466 motibus
686 1402 987 1486 mutationibusque
1012 1402 1093 1467 caeli
1120 1401 1203 1467 nihil

193 1491 337 1575 intersit,
365 1490 421 1576 qui
448 1495 577 1574 ventus,
605 1490 661 1575 qui
683 1490 800 1573 imber,
828 1511 911 1575 quae
933 1493 1112 1575 tempestas
1134 1490 1204 1555 ubi-

195 1602 256 1665 que
280 1579 345 1645 sit?
369 1601 506 1664 quarum
529 1601 637 1644 rerum
659 1578 694 1643 in
715 1578 882 1664 proxumis
905 1578 986 1644 locis
1008 1582 1122 1643 tantae
1140 1578 1244 1643 dis-15

195 1667 423 1734 similitudines
447 1689 543 1753 saepe
566 1670 656 1750 sunt,
678 1671 716 1731 ut
738 1668 805 1732 alia
827 1667 968 1751 Tusculi,
991 1667 1057 1732 alia
1079 1666 1204 1731 Romae

194 1757 322 1822 eveniat
343 1777 440 1841 saepe
457 1759 650 1841 tempestas3
673 1755 768 1840 quod,
791 1756 847 1840 qui
864 1755 1031 1842 navigant,
1053 1776 1204 1820 maxume

195 1845 471 1928 animadvertunt,
494 1866 567 1909 cum
589 1844 625 1909 in
645 1844 812 1909 flectendis
834 1843 1070 1929 promunturiis
1093 1847 1204 1910 vento

194 1957 268 2000 rum
289 1932 487 1998 mutationes
506 1954 674 1997 maxumas
694 1953 789 2017 saepe
808 1932 963 1997 sentiunt.
993 1930 1084 1998 Haec
1101 1932 1204 2018 igitur

194 2044 267 2089 cum
295 2021 339 2085 sit
365 2024 436 2085 tum
464 2020 635 2104 serenitas,
661 2024 732 2084 tum
759 2020 963 2105 perturbatio
990 2021 1085 2104 caeli,
1112 2024 1204 2085 estne
1217 2039 1245 2078 ao

195 2131 348 2175 sanorum
370 2108 539 2173 hominum
561 2108 624 2174 hoc
646 2109 687 2173 ad
708 2109 910 2174 nascentium
930 2112 1022 2174 ortus
1039 2108 1204 2194 pertinere

193 2219 261 2264 non
283 2197 387 2261 dicere
407 2196 506 2281 [quod
523 2217 590 2261 non
608 2200 695 2262 certe
712 2197 877 2282 pertinet],
899 2196 982 2261 illud
998 2196 1107 2262 nescio
1126 2196 1205 2282 quid

194 2290 304 2369 tenue,
332 2283 418 2369 quod
445 2284 560 2350 sentiri
586 2285 677 2350 nullo
705 2284 815 2368 modo,
842 2285 989 2372 intellegi
1017 2289 1127 2350 autem
1149 2285 1204 2351 vix

194 2376 317 2460 potest,
345 2394 427 2457 quae
455 2396 475 2439 a
497 2373 576 2438 luna
597 2373 777 2458 ceterisque
796 2373 955 2439 sideribus
978 2374 1061 2440 caeli
1082 2377 1204 2458 tempe·

194 2461 279 2527 ratio
302 2461 370 2545 fiat,
393 2461 497 2527 dicere
521 2460 562 2526 ad
584 2483 757 2547 puerorum
776 2466 867 2527 ortus
885 2461 1070 2548 pertinere?
1097 2460 1203 2537 Quid?
1216 2479 1244 2519 2⁵

152 2577 155 2583 ¹
195 2550 282 2637 quod
303 2571 369 2615 non
391 2549 589 2637 intellegunt
611 2550 770 2615 seminum
792 2551 873 2634 vim,
901 2572 983 2634 quae
1006 2550 1048 2615 ad
1070 2550 1203 2637 gignen-

195 2640 272 2706 dum
294 2637 592 2724 procreandumque
614 2639 790 2725 plurimum
812 2639 930 2723 valeat,
951 2638 1097 2704 funditus
1118 2637 1203 2722 tolli,

194 2727 365 2794 mediocris
388 2726 507 2792 erroris
531 2727 604 2791 est?
636 2725 715 2803 Quis
735 2727 821 2792 enim
837 2750 905 2793 non
921 2726 1011 2793 videt
1029 2731 1062 2792 et
1079 2726 1204 2792 formas

195 2820 229 2882 et
258 2837 365 2882 mores
398 2818 432 2881 et
462 2815 635 2901 plerosque
666 2819 772 2881 status
800 2838 838 2881 ac
865 2819 974 2882 motus
1003 2815 1157 2902 effingere
1183 2837 1204 2881 a

194 2903 384 2991 parentibus
403 2903 547 2969 liberos?
570 2903 656 2988 quod
673 2926 739 2969 non
758 2903 970 2990 contingeret,
993 2904 1022 2969 si
1039 2904 1120 2970 haec
1136 2925 1203 2969 non
1215 2920 1244 2960 ³0

195 2993 245 3058 'vis
268 2996 301 3057 et
322 2996 440 3058 natura
463 2992 667 3080 gignentium
691 2992 841 3076 efficeret,
864 2992 921 3057 sed
944 2992 1138 3078 temperatio
1156 2993 1205 3057 lu·

144 3092 175 3141 95
195 3103 256 3151 nae
287 3081 432 3165 caelique
461 3080 650 3146 moderatio.
690 3079 795 3156 Quid?
823 3081 909 3166 quod
937 3103 1001 3147 uno
1030 3084 1063 3145 et
1089 3079 1203 3146 eodem

195 3169 352 3254 temporis
376 3172 503 3253 ,puncto
534 3168 606 3234 nati
637 3169 803 3235 dissimilis
831 3173 864 3234 et
879 3197 881 3200 ’
894 3172 1029 3234 naturas
1057 3171 1091 3234 et
1116 3169 1203 3234 vitas

196 3261 229 3323 et
260 3278 353 3322 casus
384 3256 522 3341 habent,
558 3280 714 3342 parumne
747 3257 890 3324 declarat
920 3257 1003 3322 nihil
1035 3257 1077 3322 ad
1107 3277 1203 3344 agen·

196 3344 271 3410 dam
293 3344 396 3409 vitam
417 3345 570 3411 nascendi
592 3350 722 3432 tempus
744 3346 928 3431 pertinere?
953 3346 1017 3411 nisi
1037 3345 1124 3411 forte
1146 3367 1202 3431 pu·
1215 3361 1241 3402 δᾶ

195 3437 303 3498 tamus
326 3432 488 3498 neminem
510 3434 623 3499 eodem
645 3439 792 3520 tempore
813 3434 886 3520 ipso
909 3438 943 3499 et
961 3437 1152 3519 conceptum
1169 3436 1203 3499 et

196 3523 324 3600 natum,
351 3542 415 3604 quo
432 3520 637 3593 ¹Africanum.
682 3518 771 3586 Num
798 3522 870 3605 quis
892 3522 996 3606 igitur
1018 3522 1095 3587 talis
1117 3521 1202 3586 fuit?
