2654 3924
278 216 281 221 ’
369 228 599 285 1111111111).
620 236 715 285 1-11.
739 235 754 295 s
774 235 886 284 11-11.
1073 229 1139 293 337

131 372 260 437 eosdem
278 373 482 457 stemusque
501 373 629 459 generis
649 373 654 456 Ι
674 372 786 438 beluas
803 394 939 438 numero
957 395 1030 440 oon·
1048 375 1089 456 [p.
1106 390 1139 439 18

132 464 274 527 socratas
298 461 445 546 deorum;
467 461 581 526 deinde
604 460 767 544 Graeciae,
790 461 875 526 siout
893 461 979 546 apud
995 483 1065 545 nos,
1088 461 1140 528 de·

132 550 227 615 lubra
253 550 428 635 magnifica
449 549 600 614 humanis
623 552 811 615 consecrata
834 549 1029 634 simulacris,
1057 572 1139 634 quae

132 638 250 703 Persae
277 638 403 702 nefaria
425 642 636 723 putaverunt3
664 659 799 723 eamque
821 660 920 703 unam
943 639 985 703 ob
1009 661 1140 704 causam

105 726 250 791 oXerses
273 726 469 791 inflammari
487 726 737 792 Atheniensium
759 725 837 793 fana
858 727 992 793 iussisse
1015 726 1140 812 dicitur,

133 815 219 900 quod
246 815 336 899 deos,
364 836 502 900 quorum
529 815 643 880 domus
671 818 758 881 esset
785 815 890 881 omnis
916 815 1141 899 hismundus,

132 904 275 969 inclusos
297 903 478 989 parietibus
500 904 661 970 contineri
680 904 773 969 nefas
796 925 867 971 esse
890 905 1029 971 duceret.
1059 902 1196 969 Postu>

133 997 242 1057 autem
278 1014 352 1058 cum
382 991 491 1057 Persis
528 995 561 1056 et
591 990 777 1077 Philippus,
813 993 869 1077 qui
900 993 1072 1079 cogitavit,
1109 996 1142 1057 et

133 1081 330 1163 Alexander,
367 1080 423 1165 qui
455 1080 571 1165 gessit,
606 1080 690 1146 hanc
717 1081 861 1147 bellandi
893 1103 1024 1147 oausam
1054 1079 1142 1167 infe}-

53 1227 57 1235 .
93 1185 120 1226 1⁰
133 1169 240 1254 rebat,
264 1169 350 1253 quod
372 1169 473 1234 vellet
496 1167 650 1234 Graeciae
672 1168 750 1235 fana
771 1170 917 1255 poenire,
945 1192 1027 1256 quae
1051 1172 1092 1253 [p.
1107 1186 1140 1237 27

132 1280 173 1322 ne
200 1258 372 1323 reficienda
398 1257 528 1341 quidem
555 1256 646 1322 Graii
672 1262 883 1343 putaverunt,
909 1263 947 1323 ut
974 1263 1060 1325 esset
1087 1281 1142 1344 po

134 1346 230 1411 eteris
262 1350 338 1412 ante
370 1368 407 1411 os
439 1345 667 1411 documentum
693 1345 867 1412 Persarum
898 1347 1029 1412 sceleris
1062 1369 1143 1413 sem·

133 1436 306 1520 piternum.
351 1433 455 1509 Quam
483 1435 592 1517 multi,
619 1438 657 1499 ut
684 1433 784 1500 Tauri
810 1435 846 1499 in
872 1434 993 1519 Axino,
1022 1439 1060 1500 ut
1086 1457 1143 1501 rex

134 1523 278 1610 Aegypti
299 1521 439 1608 Busiris,
470 1527 508 1587 ut
531 1521 632 1605 Galli,
660 1526 697 1588 ut
719 1522 833 1608 Poeni,
859 1523 1007 1589 homines
1029 1524 1143 1590 immo·

96 1628 121 1668 1⁶
134 1614 203 1677 lare
230 1616 263 1677 et
292 1612 383 1697 pium
410 1616 444 1676 et
471 1612 520 1676 dis
546 1612 787 1677 immortalibus
815 1612 1050 1698 gratissumum
1073 1634 1143 1678 esse

135 1702 307 1766 duxerunt!
342 1699 440 1765 Vitae
462 1721 540 1766 vero
562 1700 715 1766 instituta
736 1700 784 1766 sic
806 1700 944 1785 distant,
970 1704 1008 1765 ut
1031 1700 1142 1767 Cretes

135 1793 168 1855 et
190 1789 303 1855 Aetoli
328 1788 519 1855 latrocinari
544 1789 716 1854 honestum
743 1793 874 1875 putent,
897 1789 1144 1856 Lacedaemonii

135 1901 210 1944 suos
229 1899 342 1943 omnes
362 1898 459 1963 agros
477 1898 548 1943 esse
567 1877 758 1962 dictitarint,
777 1876 782 1961 Ι
802 1900 885 1963 quos
908 1879 1032 1963 spiculo
1052 1880 1093 1959 [p.
1108 1895 1143 1944 28

134 1971 269 2052 possent
296 1966 467 2052 attingere.
512 1965 727 2032 Athenienses
753 1966 861 2032 iurare
889 1968 987 2033 etiam
1014 1967 1144 2052 publice

94 2069 121 2110 2⁰
136 2054 286 2120 solebant
312 2076 442 2119 omnem
469 2075 562 2119 suam
589 2075 659 2119 esse
681 2059 818 2139 terram,
845 2077 928 2141 quac
950 2056 1056 2121 oleam
1077 2055 1144 2121 fru-

135 2165 233 2231 gesve
268 2143 385 2226 ferret,
426 2141 515 2209 Galli
550 2148 645 2228 turpe
681 2165 752 2208 esse
787 2145 909 2210 ducunt
943 2143 1143 2210 frumentum

137 2254 236 2298 manu
267 2253 433 2316 quaerere,
464 2232 575 2315 itaque
606 2233 725 2296 armati
757 2233 881 2299 alienos
908 2255 1005 2319 agros
1037 2233 1142 2300 deme·

133 2324 223 2404 tunt,
257 2342 318 2385 nos
354 2341 431 2385 vero
467 2320 639 2395 iustissimi
673 2319 835 2405 homines,
871 2321 927 2424 qui
957 2320 1143 2408 ’11111111Ρί-
1161 2335 1196 2386 lt

134 2430 194 2474 nas
222 2408 329 2511 gentis
358 2409 464 2473 oleam
491 2411 525 2474 et
551 2409 652 2473 vitem
680 2429 786 2474 serere
808 2430 874 2475 non
897 2409 1046 2496 sinimus,
1078 2432 1143 2494 quo

94 2511 122 2552 ²⁶
134 2498 238 2583 pluris
272 2497 338 2562 sint
368 2502 483 2562 nostra
515 2497 638 2562 oliveta
667 2500 863 2581 nostraeque
893 2498 1020 2581 vineae,
1056 2499 1143 2583 quod

135 2608 209 2651 cum
237 2584 408 2670 faciamus,
439 2586 615 2671 prudenter
645 2585 752 2650 facere
784 2586 934 2668 dicimur,
964 2548 1051 2651 iuste
1076 2608 1144 2652 non

136 2670 290 2759 (1111111111
311 2678 349 2739 ut
368 2674 571 2760 intellegatis
589 2674 772 2759 discrepare
791 2674 832 2740 ab
852 2674 961 2759 aequit
946 2678 1015 2740 tate
1033 2675 1075 2755 [p.
1090 2690 1141 2740 203

137 2718 339 2846 sapientiam.
379 2760 548 2863 Lycurgus
572 2766 695 2848 autem,
720 2763 777 2828 ille
800 2763 910 2850 legum
934 2766 1142 2864 optumarum

136 2854 169 2914 et
192 2849 389 2950 aequissumi
409 2850 490 2915 iuris
511 2851 662 2916 inventor
666 2873 796 2937 ,agros
819 2851 1031 2936 locupletium
1053 2851 1143 2937 plebi

93 2954 122 2996 ⁸⁰
136 2941 174 3004 ut
196 2937 330 3003 servitio
353 2938 505 3004 colendos
528 2939 624 3005 dedit.

202 3025 330 3092 Genera
355 3027 485 3092 verosi
506 3028 605 3092 1111111
627 3050 722 3113 luris,
748 3031 987 3114 mstrtutorum,
1013 3051 1142 3096 morum
1154 3002 1196 3129 112

135 3115 466 3199 consuetudinumque
489 3115 678 3201 describere,
700 3138 768 3181 non
789 3117 943 3182 modom
964 3121 1016 3183 tot
1039 3119 1143 3203 genti·

134 3204 196 3271 bus
218 3204 323 3288 varia,
346 3203 433 3269 sed
423 3225 459 3269 1n
480 3226 547 3270 una
567 3204 656 3289 urbe,
678 3205 763 3270 vel
753 3226 789 3269 1n
810 3204 904 3270 hac
893 3227 976 3306 ipsa,
998 3206 1141 3272 milliens

134 3297 263 3359 mutata
285 3293 514 3376 demonstrem,
536 3296 574 3356 ut
595 3291 680 3357 hic
670 3293 750 3358 ruris
767 3297 880 3358 noster
897 3292 1058 3380 interpres
1076 3295 1143 3361 1111

92 3395 121 3438 ⁸⁶
135 3403 220 3449 nuno
245 3380 400 3448 Manilius
431 3381 504 3446 iura
535 3381 622 3446 dicat
650 3402 720 3446 cass
750 3380 790 3446 de
818 3378 1002 3470 muilierum
1029 3384 1070 3464 [p.
1090 3398 1143 3448 204

135 3469 254 3556 legatis
277 3475 311 3536 et
333 3469 578 3557 hereditatibus,
600 3468 666 3535 alia
689 3468 806 3536 solitus
829 3469 873 3536 sit
892 3470 1078 3537 adulescens
1097 3469 1143 3535 di·

135 3579 206 3624 cere
236 3560 381 3626 nondum
406 3557 553 3628 Voconia
581 3558 654 3648 lege
683 3558 766 3645 lata,
798 3579 881 3645 quae
911 3559 1051 3666 quidem,
1069 3558 1143 3645 ipsa

187 3669 333 3719 oro.1v.2
894 3667 928 3717 11
