2652 3920
198 217 264 281 212
544 216 593 271 DE
612 216 858 273 DIVINATIONE
971 277 974 282 ,

197 383 275 514 ruml
302 360 449 449 gentium
481 382 570 446 ores,
601 359 637 426 in
669 360 786 447 quibus
817 360 898 428 haec
924 381 965 425 ne
992 361 1213 433 observantur

219 451 253 515 ui
276 451 349 515 em?

144 471 220 606 20q
264 538 311 603 At
329 538 498 605 inventum
515 541 566 604 est
584 541 682 624 eaput
699 537 735 603 in
750 537 869 605 Tiberi.
904 536 1006 615 Quasi
1023 557 1084 626 ego
1103 541 1212 604 artem

197 626 342 712 aliquam
359 626 498 693 istorum
518 647 588 693 esse
605 627 736 714 negem!
755 625 987 692 divinationem
1000 648 1094 714 nego.
1116 624 1213 694 Caeli

78 778 82 783 ,
197 715 283 781 enim
307 714 509 800 distributio,
534 736 633 800 quam
656 718 732 781 ente
753 714 834 801 dixi,
856 719 891 782 et
912 719 1083 781 certarum·
1097 736 1211 781 rerum
1238 732 1253 774 ε

195 803 324 871 notatio
351 804 458 888 docet,
484 803 568 873 unde
594 802 720 869 fiilmen
746 803 885 887 venerit,
912 824 976 889 quo
999 803 1211 888 concesserim

197 893 277 977 quid
304 892 465 979 significet
493 895 616 978 autem,
642 891 736 958 nulla
761 892 847 958 ratio
874 892 977 958 docet.
1021 888 1086 958 Sed
1108 914 1210 980 urges

196 1004 249 1047 me
271 981 353 1047 ineis
376 980 538 1047 versibus:
770 1000 775 1010 ·

241 1067 338 1136 Nam
355 1073 468 1156 pater
486 1068 707 1136 altitonans
721 1068 906 1134 stellanti
918 1068 1031 1135 nixus
1045 1068 1208 1155 Olympo

241 1156 329 1244 Ipse
348 1179 437 1224 suos
453 1157 646 1243 quondam
659 1158 890 1224 tumulosus
903 1157 1209 1248 templapetivit
1223 1177 1251 1216 ιο

241 1246 292 1312 Et
314 1244 557 1332 Capitolinis
579 1245 717 1312 iniecit
740 1245 899 1312 sedibus
921 1246 1035 1334 ignis.

197 1334 281 1401 Tum
304 1339 416 1401 statua
437 1333 569 1419 Nattae,
592 1337 663 1400 turn
686 1334 861 1401 simulacra
883 1335 1016 1401 deorum
1036 1334 1209 1402 Romulus·

197 1446 259 1509 que
282 1427 317 1489 et
333 1423 455 1490 Remus
478 1445 552 1490 eum
574 1423 689 1489 altrice
711 1423 809 1489 belua
829 1422 863 1489 vi
884 1422 1033 1489 fulminis
1054 1422 1113 1489 icti
1134 1445 1209 1491 con-

196 1512 357 1598 ciderunt,
384 1512 487 1598 deque
513 1511 567 1577 his
593 1512 691 1577 rebus
717 1511 927 1598 haruspicum
955 1511 1134 1577 extiterunt
1159 1534 1208 1579 re

144 1615 178 1663 so
197 1624 318 1689 sponsa
334 1601 526 1668 verissume
561 1599 713 1666 Mirabile
732 1605 842 1666 autem
859 1599 951 1685 illud,
974 1601 1060 1686 quod
1078 1622 1116 1667 eo
1134 1601 1207 1687 ipso
1222 1619 1249 1660 ie

196 1695 356 1778 tempore,
384 1711 448 1776 quo
474 1689 569 1755 fieret
591 1687 746 1755 indicium
768 1688 1002 1755 coniurationis
1025 1688 1207 1774 insensatu,

197 1779 328 1935 tel?
345 1777 589 1934 tttdlltl
611 1776 1207 1954 postfflupgfflgoiffl

196 1891 259 2042 {sie
289 1954 377 2022 enim
408 1977 535 2020 mecum
568 1952 705 2041 agebas)
738 1976 869 2021 oausam
900 1954 1000 2021 istam
1031 1959 1065 2022 et
1092 1960 1206 2022 contra

196 2044 284 2111 facta
310 2048 370 2110 tua
396 2047 429 2108 et
456 2047 571 2110 eontra
593 2042 716 2128 scripta
739 2042 930 2110 defendere?
954 2080 998 2091 —
1019 2041 1136 2110 Frater
1158 2066 1206 2129 es,
1220 2063 1247 2102 πο
1311 2084 1312 2087 =

196 2153 236 2200 eo
259 2154 381 2198 vereor.
412 2130 536 2197 Verum
559 2129 636 2216 quid
657 2131 720 2196 tibi
742 2131 796 2197 hic
814 2131 947 2198 tandem
964 2133 1081 2199 nocet?
1104 2154 1205 2218 resne,
1311 2162 1312 2203 i

197 2242 280 2306 quae
302 2219 380 2285 talis
404 2222 463 2303 est,
486 2241 529 2285 an
546 2239 617 2306 ego,
640 2219 697 2304 qui
714 2242 827 2285 verum
845 2220 1000 2307 explicari
1017 2221 1115 2288 volo?
1142 2220 1206 2287 Ita·

195 2330 260 2395 que
285 2307 368 2374 nihil
396 2312 511 2374 contra
536 2306 621 2391 dieo,
648 2329 669 2373 a
695 2312 729 2373 te
751 2309 913 2375 rationem
935 2309 1037 2376 totius
1060 2309 1205 2395 haruspi·
1310 2384 1311 2391 ἵ

196 2397 289 2464 cinae
314 2400 400 2483 peto.
446 2394 511 2464 Sed
537 2399 571 2461 te
593 2395 821 2481 mirificam—in
842 2397 1003 2464 latebram
1025 2397 1205 2482 coniecisti,
1310 2396 1311 2465 l

198 2484 284 2570 quod
306 2485 391 2551 enim
414 2484 621 2572 intellegeres
642 2483 714 2551 fore
735 2489 774 2551 ut
795 2504 991 2572 premerere,
1013 2508 1088 2553 cum
1110 2509 1150 2553 ex
1171 2491 1203 2553 te
1217 2505 1244 2545 2⁵

197 2595 311 2641 causas
334 2574 429 2639 unius
452 2574 607 2659 cuiusque
630 2573 839 2640 divinationis
862 2574 1076 2660 exquirerem,
1101 2576 1205 2643 multa

197 2663 297 2730 verba
318 2661 426 2729 fecisti
448 2665 491 2747 te,
513 2684 587 2728 cum
604 2683 657 2728 res
675 2661 810 2747 videres,
833 2662 993 2730 rationein
1011 2685 1203 2750 causamque
1309 2674 1310 2727 l

195 2773 264 2818 non
286 2772 453 2837 quaerero,
477 2749 555 2835 quid
575 2750 677 2835 fieret,
698 2772 766 2818 non
787 2773 845 2817 our
866 2751 967 2836 fieret,
989 2752 1119 2820 adrem
1136 2774 1203 2840 per·

197 2841 312 2907 tinere
347 2837 448 2916 Quasi
470 2860 532 2926 ego
555 2842 612 2905 aut
634 2838 706 2905 fieri
727 2839 935 2906 concederem
957 2844 1015 2907 aut
1032 2844 1119 2907 esset
1136 2841 1203 2928 phi·
1308 2862 1309 2899 i

143 2940 178 2991 4⁷
198 2926 329 3015 losophi
351 2949 491 3013 causam,
514 2949 571 2993 cur
593 2926 733 3013 quidque
755 2928 857 3012 fieret,
879 2950 945 2996 non
964 2932 1131 3015 quaerere!
1159 2929 1203 2997 Et
1215 2948 1242 2989 ac

197 3039 236 3084 eo
266 3015 396 3102 quidem
426 3015 498 3083 loco
528 3018 562 3081 et
587 3014 805 3103 Prognostica
830 3021 945 3083 nostra
970 3017 1202 3104 pronuntiabas

1307 3062 1308 3097 l

198 3110 232 3172 et
250 3126 371 3192 genera
387 3104 572 3188 herbarum,
590 3104 823 3171 scammoniam
836 3105 1203 3192 aristolochiamquera·
1307 3112 1308 3199 l

198 3194 311 3279 dicem,
355 3215 471 3259 uarum
494 3214 625 3259 oausam
647 3192 825 3280 ignorares,
847 3193 914 3261 uim
937 3199 971 3261 et
993 3195 1143 3262 effectum
1160 3195 1203 3262 vi-
1307 3202 1308 3251 l

146 3284 186 3348 21
199 3282 300 3349 deres.
371 3280 507 3347 issimile
530 3284 651 3367 totum,
672 3303 750 3349 nam
772 3286 806 3348 et
826 3282 1111 3371 prognosticorum
1133 3306 1203 3350 cau·
1306 3350 1307 3359 ,

44 3372 47 3379 ’
199 3391 254 3437 sas
280 3369 442 3456 persecuti
468 3373 544 3436 sunt
571 3374 604 3436 et
625 3368 772 3436 Boethus
795 3368 937 3457 Stoicus,
964 3372 1020 3457 qui
1047 3375 1098 3439 est
1124 3394 1145 3439 a
1169 3376 1201 3439 te
1214 3390 1240 3433 ss

198 3457 399 3542 nominatus,
426 3461 460 3523 et
480 3461 593 3524 noster
615 3458 714 3524 etiam
735 3457 942 3543 Posidonius,
969 3463 1016 3545 et,
1038 3460 1067 3526 si
1090 3482 1201 3528 causae

197 3568 265 3613 non
291 3544 495 3632 reperiantur
521 3547 660 3614 istarum
681 3568 804 3630 rerum,
829 3569 882 3613 res
904 3551 1016 3614 tamen
1036 3548 1127 3634 ipsae
1150 3550 1202 3615 ob
1305 3546 1306 3575 ³

1293 3784 1305 3889 l
