<?xml version="1.0" encoding="UTF-8"?>
<!DOCTYPE html PUBLIC "-//W3C//DTD XHTML 1.0 Transitional//EN"
    "http://www.w3.org/TR/xhtml1/DTD/xhtml1-transitional.dtd">
<html xmlns="http://www.w3.org/1999/xhtml" xml:lang="en" lang="en">
 <head>
  <title>
</title>
<meta http-equiv="Content-Type" content="text/html;charset=utf-8" />
  <meta name='ocr-system' content='tesseract 3.04.00' />
  <meta name='ocr-capabilities' content='ocr_page ocr_carea ocr_par ocr_line ocrx_word'/>
</head>
<body>
  <div class='ocr_page' id='page_1' title='image "./mtulliiciceroni00salegoog_0491.png"; bbox 0 0 2654 3912; ppageno 0'>
   <div class='ocr_carea' id='block_1_1' title="bbox 181 159 792 266">
    <p class='ocr_par' dir='ltr' id='par_1_1' title="bbox 181 159 792 266">
     <span class='ocr_line' id='line_1_1' title="bbox 181 159 792 266; baseline 0.007 -12"><span class='ocrx_word' id='word_1_1' title='bbox 181 203 246 266; x_wconf 81' lang='lat'>438</span> <span class='ocrx_word' id='word_1_2' title='bbox 343 159 345 163; x_wconf 26' lang='lat'><strong>¹</strong></span> <span class='ocrx_word' id='word_1_3' title='bbox 571 201 620 256; x_wconf 84' lang='lat' dir='ltr'>mr</span> <span class='ocrx_word' id='word_1_4' title='bbox 638 202 792 260; x_wconf 71' lang='lat' dir='ltr'>euersos</span> 
     </span>
    </p>
   </div>
   <div class='ocr_carea' id='block_1_2' title="bbox 129 327 1239 3613">
    <p class='ocr_par' dir='ltr' id='par_1_2' title="bbox 129 327 1239 3613">
     <span class='ocr_line' id='line_1_2' title="bbox 130 327 1197 454; baseline 0.004 -42"><span class='ocrx_word' id='word_1_5' title='bbox 130 327 162 454; x_wconf 64' lang='lat'>¹}</span> <span class='ocrx_word' id='word_1_6' title='bbox 247 347 295 413; x_wconf 83' lang='lat' dir='ltr'>M.</span> <span class='ocrx_word' id='word_1_7' title='bbox 318 344 507 422; x_wconf 85' lang='lat' dir='ltr'>Quaesitum</span> <span class='ocrx_word' id='word_1_8' title='bbox 530 347 633 433; x_wconf 87' lang='lat' dir='ltr'>igitur</span> <span class='ocrx_word' id='word_1_9' title='bbox 655 346 697 413; x_wconf 91' lang='lat' dir='ltr'>ab</span> <span class='ocrx_word' id='word_1_10' title='bbox 719 347 787 413; x_wconf 88' lang='lat' dir='ltr'>illis</span> <span class='ocrx_word' id='word_1_11' title='bbox 806 352 865 432; x_wconf 85' lang='lat' dir='ltr'>est,</span> <span class='ocrx_word' id='word_1_12' title='bbox 888 349 1071 433; x_wconf 81' lang='lat' dir='ltr'>placeretne</span> <span class='ocrx_word' id='word_1_13' title='bbox 1088 371 1197 416; x_wconf 88' lang='lat' dir='ltr'>unum</span> 
     </span>
     <span class='ocr_line' id='line_1_3' title="bbox 181 435 1197 523; baseline 0.004 -23"><span class='ocrx_word' id='word_1_14' title='bbox 181 435 216 500; x_wconf 91' lang='lat' dir='ltr'>in</span> <span class='ocrx_word' id='word_1_15' title='bbox 233 435 365 501; x_wconf 79' lang='lat' dir='ltr'>civitate</span> <span class='ocrx_word' id='word_1_16' title='bbox 384 457 454 501; x_wconf 88' lang='lat' dir='ltr'>esse</span> <span class='ocrx_word' id='word_1_17' title='bbox 469 435 708 521; x_wconf 83' lang='lat' dir='ltr'>magistratum,</span> <span class='ocrx_word' id='word_1_18' title='bbox 727 436 779 501; x_wconf 85' lang='lat' dir='ltr'>cui</span> <span class='ocrx_word' id='word_1_19' title='bbox 792 437 910 521; x_wconf 87' lang='lat' dir='ltr'>reliqui</span> <span class='ocrx_word' id='word_1_20' title='bbox 923 442 1083 523; x_wconf 85' lang='lat' dir='ltr'>parerent,</span> <span class='ocrx_word' id='word_1_21' title='bbox 1103 439 1197 522; x_wconf 86' lang='lat' dir='ltr'>quod</span> 
     </span>
     <span class='ocr_line' id='line_1_4' title="bbox 181 524 1195 610; baseline 0.005 -22"><span class='ocrx_word' id='word_1_22' title='bbox 181 524 302 590; x_wconf 77' lang='lat' dir='ltr'>exactis</span> <span class='ocrx_word' id='word_1_23' title='bbox 329 524 461 609; x_wconf 88' lang='lat' dir='ltr'>regibus</span> <span class='ocrx_word' id='word_1_24' title='bbox 489 524 645 610; x_wconf 78' lang='lat' dir='ltr'>intellego</span> <span class='ocrx_word' id='word_1_25' title='bbox 672 524 834 609; x_wconf 80' lang='lat' dir='ltr'>placuisse</span> <span class='ocrx_word' id='word_1_26' title='bbox 856 526 979 591; x_wconf 90' lang='lat' dir='ltr'>nostris</span> <span class='ocrx_word' id='word_1_27' title='bbox 1003 527 1195 593; x_wconf 86' lang='lat' dir='ltr'>maioribus.</span> 
     </span>
     <span class='ocr_line' id='line_1_5' title="bbox 181 610 1195 700; baseline 0.003 -23"><span class='ocrx_word' id='word_1_28' title='bbox 181 610 424 697; x_wconf 72' lang='lat' dir='ltr'>sedquoniam</span> <span class='ocrx_word' id='word_1_29' title='bbox 451 613 561 699; x_wconf 90' lang='lat' dir='ltr'>regale</span> <span class='ocrx_word' id='word_1_30' title='bbox 588 612 731 678; x_wconf 85' lang='lat' dir='ltr'>civitatis</span> <span class='ocrx_word' id='word_1_31' title='bbox 759 633 861 699; x_wconf 88' lang='lat' dir='ltr'>genus</span> <span class='ocrx_word' id='word_1_32' title='bbox 889 615 1065 699; x_wconf 88' lang='lat' dir='ltr'>probatum</span> <span class='ocrx_word' id='word_1_33' title='bbox 1089 637 1195 700; x_wconf 90' lang='lat' dir='ltr'>quon·</span> 
     </span>
     <span class='ocr_line' id='line_1_6' title="bbox 181 701 1227 789; baseline 0.004 -24"><span class='ocrx_word' id='word_1_34' title='bbox 181 701 255 766; x_wconf 90' lang='lat' dir='ltr'>dam</span> <span class='ocrx_word' id='word_1_35' title='bbox 277 705 393 787; x_wconf 88' lang='lat' dir='ltr'>postea</span> <span class='ocrx_word' id='word_1_36' title='bbox 414 722 481 766; x_wconf 93' lang='lat' dir='ltr'>non</span> <span class='ocrx_word' id='word_1_37' title='bbox 502 703 572 766; x_wconf 85' lang='lat' dir='ltr'>tam</span> <span class='ocrx_word' id='word_1_38' title='bbox 594 701 688 789; x_wconf 87' lang='lat' dir='ltr'>regni</span> <span class='ocrx_word' id='word_1_39' title='bbox 711 722 809 785; x_wconf 92' lang='lat' dir='ltr'>quam</span> <span class='ocrx_word' id='word_1_40' title='bbox 828 703 917 789; x_wconf 89' lang='lat' dir='ltr'>regis</span> <span class='ocrx_word' id='word_1_41' title='bbox 935 703 1024 768; x_wconf 88' lang='lat' dir='ltr'>vitiis</span> <span class='ocrx_word' id='word_1_42' title='bbox 1043 704 1227 789; x_wconf 78' lang='lat' dir='ltr'>repudia-⁸</span> 
     </span>
     <span class='ocr_line' id='line_1_7' title="bbox 180 789 1194 877; baseline 0.004 -24"><span class='ocrx_word' id='word_1_43' title='bbox 180 793 251 855; x_wconf 93' lang='lat' dir='ltr'>tum</span> <span class='ocrx_word' id='word_1_44' title='bbox 281 792 345 873; x_wconf 87' lang='lat' dir='ltr'>est,</span> <span class='ocrx_word' id='word_1_45' title='bbox 373 810 492 854; x_wconf 90' lang='lat' dir='ltr'>nomen</span> <span class='ocrx_word' id='word_1_46' title='bbox 518 792 647 855; x_wconf 90' lang='lat' dir='ltr'>tantum</span> <span class='ocrx_word' id='word_1_47' title='bbox 674 789 837 855; x_wconf 80' lang='lat' dir='ltr'>videbitur</span> <span class='ocrx_word' id='word_1_48' title='bbox 863 792 951 877; x_wconf 90' lang='lat' dir='ltr'>regis</span> <span class='ocrx_word' id='word_1_49' title='bbox 974 793 1194 876; x_wconf 86' lang='lat' dir='ltr'>repudiatum,</span> 
     </span>
     <span class='ocr_line' id='line_1_8' title="bbox 181 877 1192 967; baseline 0.003 -26"><span class='ocrx_word' id='word_1_50' title='bbox 181 899 232 944; x_wconf 90' lang='lat' dir='ltr'>res</span> <span class='ocrx_word' id='word_1_51' title='bbox 260 877 418 960; x_wconf 83' lang='lat' dir='ltr'>manebit,</span> <span class='ocrx_word' id='word_1_52' title='bbox 448 878 476 942; x_wconf 89' lang='lat' dir='ltr'>si</span> <span class='ocrx_word' id='word_1_53' title='bbox 503 899 585 943; x_wconf 91' lang='lat' dir='ltr'>unus</span> <span class='ocrx_word' id='word_1_54' title='bbox 609 878 758 944; x_wconf 88' lang='lat' dir='ltr'>omnibus</span> <span class='ocrx_word' id='word_1_55' title='bbox 780 879 914 964; x_wconf 88' lang='lat' dir='ltr'>reliquis</span> <span class='ocrx_word' id='word_1_56' title='bbox 938 881 1192 967; x_wconf 81' lang='lat' dir='ltr'>magistratibus</span> 
     </span>
     <span class='ocr_line' id='line_1_9' title="bbox 130 964 1195 1052; baseline 0.005 -22"><span class='ocrx_word' id='word_1_57' title='bbox 130 981 163 1031; x_wconf 80' lang='lat' dir='ltr'>re</span> <span class='ocrx_word' id='word_1_58' title='bbox 180 965 362 1052; x_wconf 89' lang='lat' dir='ltr'>imperabit.</span> <span class='ocrx_word' id='word_1_59' title='bbox 397 964 502 1042; x_wconf 80' lang='lat' dir='ltr'>Quare</span> <span class='ocrx_word' id='word_1_60' title='bbox 524 988 583 1032; x_wconf 89' lang='lat' dir='ltr'>neo</span> <span class='ocrx_word' id='word_1_61' title='bbox 605 966 719 1052; x_wconf 87' lang='lat' dir='ltr'>ephori</span> <span class='ocrx_word' id='word_1_62' title='bbox 740 966 981 1034; x_wconf 81' lang='lat' dir='ltr'>Lacedaemone</span> <span class='ocrx_word' id='word_1_63' title='bbox 1003 969 1073 1035; x_wconf 90' lang='lat' dir='ltr'>sine</span> <span class='ocrx_word' id='word_1_64' title='bbox 1091 991 1195 1035; x_wconf 86' lang='lat' dir='ltr'>causa</span> 
     </span>
     <span class='ocr_line' id='line_1_10' title="bbox 181 1054 1193 1142; baseline 0.003 -22"><span class='ocrx_word' id='word_1_65' title='bbox 181 1078 201 1120; x_wconf 89' lang='lat' dir='ltr'>a</span> <span class='ocrx_word' id='word_1_66' title='bbox 223 1054 433 1139; x_wconf 83' lang='lat' dir='ltr'>Theopompo</span> <span class='ocrx_word' id='word_1_67' title='bbox 458 1055 601 1140; x_wconf 90' lang='lat' dir='ltr'>oppositi</span> <span class='ocrx_word' id='word_1_68' title='bbox 623 1055 755 1142; x_wconf 89' lang='lat' dir='ltr'>regibus</span> <span class='ocrx_word' id='word_1_69' title='bbox 777 1078 837 1121; x_wconf 92' lang='lat' dir='ltr'>nec</span> <span class='ocrx_word' id='word_1_70' title='bbox 859 1057 946 1142; x_wconf 88' lang='lat' dir='ltr'>apud</span> <span class='ocrx_word' id='word_1_71' title='bbox 967 1079 1028 1123; x_wconf 91' lang='lat' dir='ltr'>nos</span> <span class='ocrx_word' id='word_1_72' title='bbox 1051 1059 1193 1124; x_wconf 88' lang='lat' dir='ltr'>oonsuli-</span> 
     </span>
     <span class='ocr_line' id='line_1_11' title="bbox 180 1140 1239 1230; baseline 0.003 -22"><span class='ocrx_word' id='word_1_73' title='bbox 180 1144 241 1208; x_wconf 86' lang='lat' dir='ltr'>bus</span> <span class='ocrx_word' id='word_1_74' title='bbox 264 1143 399 1208; x_wconf 88' lang='lat' dir='ltr'>tribuni.</span> <span class='ocrx_word' id='word_1_75' title='bbox 443 1140 530 1208; x_wconf 85' lang='lat' dir='ltr'>Nam</span> <span class='ocrx_word' id='word_1_76' title='bbox 552 1143 635 1208; x_wconf 93' lang='lat' dir='ltr'>illud</span> <span class='ocrx_word' id='word_1_77' title='bbox 657 1144 786 1229; x_wconf 88' lang='lat' dir='ltr'>quidem</span> <span class='ocrx_word' id='word_1_78' title='bbox 809 1145 930 1230; x_wconf 84' lang='lat' dir='ltr'>ipsum,</span> <span class='ocrx_word' id='word_1_79' title='bbox 954 1146 1040 1230; x_wconf 86' lang='lat' dir='ltr'>quod</span> <span class='ocrx_word' id='word_1_80' title='bbox 1061 1146 1096 1211; x_wconf 91' lang='lat' dir='ltr'>in</span> <span class='ocrx_word' id='word_1_81' title='bbox 1118 1147 1192 1211; x_wconf 88' lang='lat' dir='ltr'>inre</span> <span class='ocrx_word' id='word_1_82' title='bbox 1210 1166 1239 1206; x_wconf 78' lang='grc' dir='ltr'>ιο</span> 
     </span>
     <span class='ocr_line' id='line_1_12' title="bbox 180 1230 1191 1321; baseline 0.003 -24"><span class='ocrx_word' id='word_1_83' title='bbox 180 1231 324 1317; x_wconf 88' lang='lat' dir='ltr'>positum</span> <span class='ocrx_word' id='word_1_84' title='bbox 353 1235 417 1316; x_wconf 83' lang='lat' dir='ltr'>est,</span> <span class='ocrx_word' id='word_1_85' title='bbox 443 1230 544 1296; x_wconf 90' lang='lat' dir='ltr'>habet</span> <span class='ocrx_word' id='word_1_86' title='bbox 570 1232 696 1314; x_wconf 86' lang='lat' dir='ltr'>consul,</span> <span class='ocrx_word' id='word_1_87' title='bbox 723 1237 760 1297; x_wconf 93' lang='lat' dir='ltr'>ut</span> <span class='ocrx_word' id='word_1_88' title='bbox 783 1233 813 1298; x_wconf 90' lang='lat' dir='ltr'>ei</span> <span class='ocrx_word' id='word_1_89' title='bbox 834 1233 952 1318; x_wconf 85' lang='lat' dir='ltr'>reliqui</span> <span class='ocrx_word' id='word_1_90' title='bbox 974 1235 1191 1321; x_wconf 74' lang='lat' dir='ltr'>magistratus</span> 
     </span>
     <span class='ocr_line' id='line_1_13' title="bbox 182 1320 1191 1408; baseline 0.003 -22"><span class='ocrx_word' id='word_1_91' title='bbox 182 1341 293 1386; x_wconf 89' lang='lat' dir='ltr'>omnes</span> <span class='ocrx_word' id='word_1_92' title='bbox 320 1323 458 1404; x_wconf 88' lang='lat' dir='ltr'>pareant</span> <span class='ocrx_word' id='word_1_93' title='bbox 485 1324 618 1405; x_wconf 86' lang='lat' dir='ltr'>excepto</span> <span class='ocrx_word' id='word_1_94' title='bbox 646 1320 792 1405; x_wconf 79' lang='lat' dir='ltr'>tribuno,</span> <span class='ocrx_word' id='word_1_95' title='bbox 822 1323 877 1407; x_wconf 88' lang='lat' dir='ltr'>qui</span> <span class='ocrx_word' id='word_1_96' title='bbox 899 1326 976 1408; x_wconf 91' lang='lat' dir='ltr'>post</span> <span class='ocrx_word' id='word_1_97' title='bbox 998 1323 1120 1408; x_wconf 85' lang='lat' dir='ltr'>extitit,</span> <span class='ocrx_word' id='word_1_98' title='bbox 1148 1347 1191 1389; x_wconf 91' lang='lat' dir='ltr'>ne</span> 
     </span>
     <span class='ocr_line' id='line_1_14' title="bbox 180 1407 1191 1499; baseline 0.004 -26"><span class='ocrx_word' id='word_1_99' title='bbox 180 1409 222 1493; x_wconf 87' lang='lat' dir='ltr'>id,</span> <span class='ocrx_word' id='word_1_100' title='bbox 246 1409 332 1493; x_wconf 91' lang='lat' dir='ltr'>quod</span> <span class='ocrx_word' id='word_1_101' title='bbox 353 1407 470 1492; x_wconf 84' lang='lat' dir='ltr'>fuerat,</span> <span class='ocrx_word' id='word_1_102' title='bbox 493 1412 588 1474; x_wconf 85' lang='lat' dir='ltr'>esset.</span> <span class='ocrx_word' id='word_1_103' title='bbox 623 1407 695 1474; x_wconf 90' lang='lat' dir='ltr'>Hoc</span> <span class='ocrx_word' id='word_1_104' title='bbox 716 1409 801 1474; x_wconf 89' lang='lat' dir='ltr'>enim</span> <span class='ocrx_word' id='word_1_105' title='bbox 816 1410 961 1499; x_wconf 87' lang='lat' dir='ltr'>primurn</span> <span class='ocrx_word' id='word_1_106' title='bbox 980 1412 1097 1477; x_wconf 91' lang='lat' dir='ltr'>minuit</span> <span class='ocrx_word' id='word_1_107' title='bbox 1115 1434 1191 1477; x_wconf 90' lang='lat' dir='ltr'>oon-</span> 
     </span>
     <span class='ocr_line' id='line_1_15' title="bbox 181 1482 1190 1584; baseline 0.003 -22"><span class='ocrx_word' id='word_1_108' title='bbox 181 1497 289 1562; x_wconf 88' lang='lat' dir='ltr'>sulare</span> <span class='ocrx_word' id='word_1_109' title='bbox 316 1497 381 1581; x_wconf 88' lang='lat' dir='ltr'>ius,</span> <span class='ocrx_word' id='word_1_110' title='bbox 410 1497 495 1582; x_wconf 87' lang='lat' dir='ltr'>quod</span> <span class='ocrx_word' id='word_1_111' title='bbox 523 1497 662 1579; x_wconf 83' lang='lat' dir='ltr'>exstitit,</span> <span class='ocrx_word' id='word_1_112' title='bbox 689 1498 759 1583; x_wconf 90' lang='lat' dir='ltr'>ipse</span> <span class='ocrx_word' id='word_1_113' title='bbox 788 1499 843 1583; x_wconf 96' lang='lat' dir='ltr'>qui</span> <span class='ocrx_word' id='word_1_114' title='bbox 866 1521 904 1565; x_wconf 93' lang='lat' dir='ltr'>eo</span> <span class='ocrx_word' id='word_1_115' title='bbox 927 1521 993 1565; x_wconf 91' lang='lat' dir='ltr'>non</span> <span class='ocrx_word' id='word_1_116' title='bbox 1014 1482 1190 1584; x_wconf 73' lang='lat' dir='ltr'>teneretur,</span> 
     </span>
     <span class='ocr_line' id='line_1_16' title="bbox 181 1585 1235 1671; baseline 0.003 -21"><span class='ocrx_word' id='word_1_117' title='bbox 181 1586 295 1651; x_wconf 88' lang='lat' dir='ltr'>deinde</span> <span class='ocrx_word' id='word_1_118' title='bbox 322 1585 409 1670; x_wconf 91' lang='lat' dir='ltr'>quod</span> <span class='ocrx_word' id='word_1_119' title='bbox 437 1585 550 1650; x_wconf 90' lang='lat' dir='ltr'>attulit</span> <span class='ocrx_word' id='word_1_120' title='bbox 579 1586 735 1651; x_wconf 88' lang='lat' dir='ltr'>auxilium</span> <span class='ocrx_word' id='word_1_121' title='bbox 757 1587 891 1671; x_wconf 90' lang='lat' dir='ltr'>reliquis</span> <span class='ocrx_word' id='word_1_122' title='bbox 913 1610 979 1652; x_wconf 91' lang='lat' dir='ltr'>non</span> <span class='ocrx_word' id='word_1_123' title='bbox 1002 1589 1098 1655; x_wconf 87' lang='lat' dir='ltr'>modo</span> <span class='ocrx_word' id='word_1_124' title='bbox 1121 1611 1189 1653; x_wconf 87' lang='lat' dir='ltr'>ma·</span> <span class='ocrx_word' id='word_1_125' title='bbox 1208 1607 1235 1648; x_wconf 79' lang='lat'>1⁵</span> 
     </span>
     <span class='ocr_line' id='line_1_17' title="bbox 182 1674 1189 1761; baseline 0.004 -23"><span class='ocrx_word' id='word_1_126' title='bbox 182 1674 386 1760; x_wconf 83' lang='lat' dir='ltr'>gistratibus,</span> <span class='ocrx_word' id='word_1_127' title='bbox 409 1674 464 1738; x_wconf 88' lang='lat' dir='ltr'>sed</span> <span class='ocrx_word' id='word_1_128' title='bbox 489 1674 588 1739; x_wconf 87' lang='lat' dir='ltr'>etiam</span> <span class='ocrx_word' id='word_1_129' title='bbox 607 1674 743 1759; x_wconf 89' lang='lat' dir='ltr'>privatis</span> <span class='ocrx_word' id='word_1_130' title='bbox 762 1676 888 1741; x_wconf 88' lang='lat' dir='ltr'>consuli</span> <span class='ocrx_word' id='word_1_131' title='bbox 905 1698 972 1742; x_wconf 93' lang='lat' dir='ltr'>non</span> <span class='ocrx_word' id='word_1_132' title='bbox 989 1676 1189 1761; x_wconf 87' lang='lat' dir='ltr'>parentibus.</span> 
     </span>
     <span class='ocr_line' id='line_1_18' title="bbox 131 1762 1190 1850; baseline 0.004 -24"><span class='ocrx_word' id='word_1_133' title='bbox 131 1776 163 1826; x_wconf 74' lang='lat'>17</span> <span class='ocrx_word' id='word_1_134' title='bbox 185 1764 219 1844; x_wconf 75' lang='lat' dir='ltr'>Q.</span> <span class='ocrx_word' id='word_1_135' title='bbox 246 1762 404 1848; x_wconf 89' lang='lat' dir='ltr'>Magnum</span> <span class='ocrx_word' id='word_1_136' title='bbox 436 1762 515 1828; x_wconf 87' lang='lat' dir='ltr'>dicis</span> <span class='ocrx_word' id='word_1_137' title='bbox 548 1763 684 1846; x_wconf 79' lang='lat' dir='ltr'>malum3</span> <span class='ocrx_word' id='word_1_138' title='bbox 715 1785 792 1828; x_wconf 89' lang='lat' dir='ltr'>nam</span> <span class='ocrx_word' id='word_1_139' title='bbox 823 1764 889 1829; x_wconf 88' lang='lat' dir='ltr'>ista</span> <span class='ocrx_word' id='word_1_140' title='bbox 917 1768 1082 1850; x_wconf 78' lang='lat' dir='ltr'>potestate</span> <span class='ocrx_word' id='word_1_141' title='bbox 1109 1771 1190 1830; x_wconf 88' lang='lat' dir='ltr'>nata</span> 
     </span>
     <span class='ocr_line' id='line_1_19' title="bbox 181 1851 1189 1937; baseline 0.004 -22"><span class='ocrx_word' id='word_1_142' title='bbox 181 1851 326 1937; x_wconf 85' lang='lat' dir='ltr'>gravitas</span> <span class='ocrx_word' id='word_1_143' title='bbox 351 1851 559 1935; x_wconf 89' lang='lat' dir='ltr'>optimatium</span> <span class='ocrx_word' id='word_1_144' title='bbox 581 1851 696 1924; x_wconf 88' lang='lat' dir='ltr'>cecidit</span> <span class='ocrx_word' id='word_1_145' title='bbox 719 1853 947 1937; x_wconf 83' lang='lat' dir='ltr'>convaluitque</span> <span class='ocrx_word' id='word_1_146' title='bbox 969 1853 1018 1918; x_wconf 86' lang='lat' dir='ltr'>vis</span> <span class='ocrx_word' id='word_1_147' title='bbox 1042 1854 1189 1919; x_wconf 90' lang='lat' dir='ltr'>multitu·</span> 
     </span>
     <span class='ocr_line' id='line_1_20' title="bbox 181 1937 1188 2024; baseline 0.003 -20"><span class='ocrx_word' id='word_1_148' title='bbox 181 1940 274 2004; x_wconf 83' lang='lat' dir='ltr'>dinis.</span> <span class='ocrx_word' id='word_1_149' title='bbox 318 1940 366 2005; x_wconf 90' lang='lat' dir='ltr'>M.</span> <span class='ocrx_word' id='word_1_150' title='bbox 388 1938 464 2005; x_wconf 91' lang='lat' dir='ltr'>Non</span> <span class='ocrx_word' id='word_1_151' title='bbox 487 1943 551 2024; x_wconf 85' lang='lat' dir='ltr'>est,</span> <span class='ocrx_word' id='word_1_152' title='bbox 573 1937 699 2023; x_wconf 85' lang='lat' dir='ltr'>Quinte,</span> <span class='ocrx_word' id='word_1_153' title='bbox 722 1941 779 2007; x_wconf 87' lang='lat' dir='ltr'>ita.</span> <span class='ocrx_word' id='word_1_154' title='bbox 823 1939 900 2006; x_wconf 94' lang='lat' dir='ltr'>Non</span> <span class='ocrx_word' id='word_1_155' title='bbox 922 1941 972 2006; x_wconf 90' lang='lat' dir='ltr'>ius</span> <span class='ocrx_word' id='word_1_156' title='bbox 997 1943 1084 2007; x_wconf 90' lang='lat' dir='ltr'>enim</span> <span class='ocrx_word' id='word_1_157' title='bbox 1105 1943 1188 2008; x_wconf 90' lang='lat' dir='ltr'>illud</span> 
     </span>
     <span class='ocr_line' id='line_1_21' title="bbox 181 2028 1232 2114; baseline -0.003 -21"><span class='ocrx_word' id='word_1_158' title='bbox 181 2028 287 2094; x_wconf 90' lang='lat' dir='ltr'>solum</span> <span class='ocrx_word' id='word_1_159' title='bbox 317 2028 487 2113; x_wconf 91' lang='lat' dir='ltr'>superbius</span> <span class='ocrx_word' id='word_1_160' title='bbox 517 2029 638 2114; x_wconf 90' lang='lat' dir='ltr'>populo</span> <span class='ocrx_word' id='word_1_161' title='bbox 667 2034 700 2094; x_wconf 91' lang='lat' dir='ltr'>et</span> <span class='ocrx_word' id='word_1_162' title='bbox 727 2029 902 2096; x_wconf 88' lang='lat' dir='ltr'>violentius</span> <span class='ocrx_word' id='word_1_163' title='bbox 928 2030 1032 2095; x_wconf 80' lang='lat' dir='ltr'>videri</span> <span class='ocrx_word' id='word_1_164' title='bbox 1057 2051 1232 2097; x_wconf 75' lang='lat' dir='ltr'>necessest</span> 
     </span>
     <span class='ocr_line' id='line_1_22' title="bbox 181 2117 1187 2205; baseline 0.003 -23"><span class='ocrx_word' id='word_1_165' title='bbox 181 2121 264 2198; x_wconf 84' lang='lat' dir='ltr'>erat,</span> <span class='ocrx_word' id='word_1_166' title='bbox 295 2138 357 2199; x_wconf 94' lang='lat' dir='ltr'>quo</span> <span class='ocrx_word' id='word_1_167' title='bbox 387 2120 601 2201; x_wconf 88' lang='lat' dir='ltr'>posteaquam</span> <span class='ocrx_word' id='word_1_168' title='bbox 629 2117 754 2182; x_wconf 86' lang='lat' dir='ltr'>modica</span> <span class='ocrx_word' id='word_1_169' title='bbox 781 2122 814 2182; x_wconf 91' lang='lat' dir='ltr'>et</span> <span class='ocrx_word' id='word_1_170' title='bbox 842 2118 970 2204; x_wconf 88' lang='lat' dir='ltr'>sapiens</span> <span class='ocrx_word' id='word_1_171' title='bbox 993 2121 1187 2205; x_wconf 86' lang='lat' dir='ltr'>temperatio</span> 
     </span>
     <span class='ocr_line' id='line_1_23' title="bbox 129 2205 1188 2391; baseline 0.003 -33"><span class='ocrx_word' id='word_1_172' title='bbox 129 2265 162 2391; x_wconf 61' lang='lat'>1}</span> <span class='ocrx_word' id='word_1_173' title='bbox 181 2209 407 2358; x_wconf 46' lang='lat' dir='ltr'>acceliisriiririiri</span> <span class='ocrx_word' id='word_1_174' title='bbox 424 2205 1078 2361; x_wconf 48' lang='lat' dir='ltr'>iucrhnlaeaiiili]rleeileiilnihimlililiiienim</span> <span class='ocrx_word' id='word_1_175' title='bbox 1098 2319 1188 2381; x_wconf 82' lang='lat' dir='ltr'>prae</span> 
     </span>
     <span class='ocr_line' id='line_1_24' title="bbox 181 2381 1187 2468; baseline 0.004 -23"><span class='ocrx_word' id='word_1_176' title='bbox 181 2385 232 2446; x_wconf 90' lang='lat' dir='ltr'>ter</span> <span class='ocrx_word' id='word_1_177' title='bbox 260 2381 389 2446; x_wconf 84' lang='lat' dir='ltr'>laudem</span> <span class='ocrx_word' id='word_1_178' title='bbox 412 2381 507 2446; x_wconf 92' lang='lat' dir='ltr'>honis</span> <span class='ocrx_word' id='word_1_179' title='bbox 530 2385 628 2465; x_wconf 89' lang='lat' dir='ltr'>atque</span> <span class='ocrx_word' id='word_1_180' title='bbox 650 2382 877 2448; x_wconf 87' lang='lat' dir='ltr'>innocentibus</span> <span class='ocrx_word' id='word_1_181' title='bbox 899 2405 1003 2468; x_wconf 88' lang='lat' dir='ltr'>neque</span> <span class='ocrx_word' id='word_1_182' title='bbox 1027 2406 1064 2449; x_wconf 86' lang='lat' dir='ltr'>ex</span> <span class='ocrx_word' id='word_1_183' title='bbox 1087 2385 1187 2451; x_wconf 87' lang='lat' dir='ltr'>hosti·</span> 
     </span>
     <span class='ocr_line' id='line_1_25' title="bbox 180 2469 1228 2558; baseline -0.003 -23"><span class='ocrx_word' id='word_1_184' title='bbox 180 2471 242 2535; x_wconf 91' lang='lat' dir='ltr'>bus</span> <span class='ocrx_word' id='word_1_185' title='bbox 269 2491 372 2553; x_wconf 88' lang='lat' dir='ltr'>neque</span> <span class='ocrx_word' id='word_1_186' title='bbox 396 2492 416 2533; x_wconf 90' lang='lat' dir='ltr'>a</span> <span class='ocrx_word' id='word_1_187' title='bbox 438 2469 533 2535; x_wconf 89' lang='lat' dir='ltr'>sociis</span> <span class='ocrx_word' id='word_1_188' title='bbox 557 2471 797 2555; x_wconf 87' lang='lat' dir='ltr'>reportandum.</span> <span class='ocrx_word' id='word_1_189' title='bbox 841 2470 912 2537; x_wconf 82' lang='lat' dir='ltr'>lam</span> <span class='ocrx_word' id='word_1_190' title='bbox 935 2473 1016 2537; x_wconf 91' lang='lat' dir='ltr'>illud</span> <span class='ocrx_word' id='word_1_191' title='bbox 1039 2477 1186 2558; x_wconf 89' lang='lat' dir='ltr'>apertum</span> <span class='ocrx_word' id='word_1_192' title='bbox 1201 2491 1228 2532; x_wconf 78' lang='grc'>11</span> 
     </span>
     <span class='ocr_line' id='line_1_26' title="bbox 181 2557 1187 2645; baseline 0.002 -21"><span class='ocrx_word' id='word_1_193' title='bbox 181 2563 232 2624; x_wconf 89' lang='lat' dir='ltr'>est</span> <span class='ocrx_word' id='word_1_194' title='bbox 253 2557 409 2643; x_wconf 87' lang='lat' dir='ltr'>profecto,</span> <span class='ocrx_word' id='word_1_195' title='bbox 431 2558 515 2623; x_wconf 90' lang='lat' dir='ltr'>nihil</span> <span class='ocrx_word' id='word_1_196' title='bbox 538 2580 608 2624; x_wconf 89' lang='lat' dir='ltr'>esse</span> <span class='ocrx_word' id='word_1_197' title='bbox 630 2559 759 2644; x_wconf 88' lang='lat' dir='ltr'>turpius</span> <span class='ocrx_word' id='word_1_198' title='bbox 779 2582 878 2645; x_wconf 89' lang='lat' dir='ltr'>quam</span> <span class='ocrx_word' id='word_1_199' title='bbox 897 2562 974 2642; x_wconf 88' lang='lat' dir='ltr'>[est]</span> <span class='ocrx_word' id='word_1_200' title='bbox 994 2583 1187 2645; x_wconf 88' lang='lat' dir='ltr'>quemquam</span> 
     </span>
     <span class='ocr_line' id='line_1_27' title="bbox 180 2646 1188 2734; baseline 0.003 -22"><span class='ocrx_word' id='word_1_201' title='bbox 180 2646 285 2734; x_wconf 90' lang='lat' dir='ltr'>legari</span> <span class='ocrx_word' id='word_1_202' title='bbox 307 2646 371 2711; x_wconf 90' lang='lat' dir='ltr'>nisi</span> <span class='ocrx_word' id='word_1_203' title='bbox 393 2646 441 2711; x_wconf 91' lang='lat' dir='ltr'>rei</span> <span class='ocrx_word' id='word_1_204' title='bbox 463 2647 613 2732; x_wconf 89' lang='lat' dir='ltr'>publicae</span> <span class='ocrx_word' id='word_1_205' title='bbox 636 2670 741 2713; x_wconf 85' lang='lat' dir='ltr'>causa.</span> <span class='ocrx_word' id='word_1_206' title='bbox 782 2647 916 2733; x_wconf 82' lang='lat' dir='ltr'>Omitto,</span> <span class='ocrx_word' id='word_1_207' title='bbox 940 2672 1035 2733; x_wconf 89' lang='lat' dir='ltr'>quem</span> <span class='ocrx_word' id='word_1_208' title='bbox 1058 2651 1100 2715; x_wconf 87' lang='lat' dir='ltr'>ed</span> <span class='ocrx_word' id='word_1_209' title='bbox 1122 2673 1188 2715; x_wconf 82' lang='lat' dir='ltr'>mo</span> 
     </span>
     <span class='ocr_line' id='line_1_28' title="bbox 180 2735 1187 2823; baseline 0.003 -23"><span class='ocrx_word' id='word_1_210' title='bbox 180 2736 257 2800; x_wconf 89' lang='lat' dir='ltr'>dum</span> <span class='ocrx_word' id='word_1_211' title='bbox 279 2735 337 2799; x_wconf 89' lang='lat' dir='ltr'>isti</span> <span class='ocrx_word' id='word_1_212' title='bbox 359 2756 394 2800; x_wconf 90' lang='lat' dir='ltr'>se</span> <span class='ocrx_word' id='word_1_213' title='bbox 417 2739 534 2821; x_wconf 81' lang='lat' dir='ltr'>gerant</span> <span class='ocrx_word' id='word_1_214' title='bbox 557 2737 847 2821; x_wconf 26' lang='lat' dir='ltr'>atquepgesserint</span> <span class='ocrx_word' id='word_1_215' title='bbox 869 2737 926 2822; x_wconf 89' lang='lat' dir='ltr'>qui</span> <span class='ocrx_word' id='word_1_216' title='bbox 948 2738 1113 2823; x_wconf 86' lang='lat' dir='ltr'>legatione</span> <span class='ocrx_word' id='word_1_217' title='bbox 1134 2738 1187 2804; x_wconf 81' lang='lat' dir='ltr'>he</span> 
     </span>
     <span class='ocr_line' id='line_1_29' title="bbox 180 2824 1187 2910; baseline 0.001 -21"><span class='ocrx_word' id='word_1_218' title='bbox 180 2824 328 2889; x_wconf 89' lang='lat' dir='ltr'>reditatis</span> <span class='ocrx_word' id='word_1_219' title='bbox 353 2826 410 2888; x_wconf 89' lang='lat' dir='ltr'>aut</span> <span class='ocrx_word' id='word_1_220' title='bbox 433 2825 637 2909; x_wconf 83' lang='lat' dir='ltr'>syngraphas</span> <span class='ocrx_word' id='word_1_221' title='bbox 662 2847 737 2890; x_wconf 90' lang='lat' dir='ltr'>suas</span> <span class='ocrx_word' id='word_1_222' title='bbox 760 2829 1011 2910; x_wconf 62' lang='lat' dir='ltr'>persequentum</span> <span class='ocrx_word' id='word_1_223' title='bbox 1034 2827 1068 2891; x_wconf 93' lang='lat' dir='ltr'>in</span> <span class='ocrx_word' id='word_1_224' title='bbox 1085 2826 1187 2892; x_wconf 92' lang='lat' dir='ltr'>homi·</span> 
     </span>
     <span class='ocr_line' id='line_1_30' title="bbox 179 2910 1228 3000; baseline -0.004 -22"><span class='ocrx_word' id='word_1_225' title='bbox 179 2913 275 2978; x_wconf 93' lang='lat' dir='ltr'>nibus</span> <span class='ocrx_word' id='word_1_226' title='bbox 295 2915 346 2977; x_wconf 91' lang='lat' dir='ltr'>est</span> <span class='ocrx_word' id='word_1_227' title='bbox 362 2911 426 2977; x_wconf 86' lang='lat' dir='ltr'>hoc</span> <span class='ocrx_word' id='word_1_228' title='bbox 443 2910 583 2978; x_wconf 86' lang='lat' dir='ltr'>fortasse</span> <span class='ocrx_word' id='word_1_229' title='bbox 601 2913 731 2997; x_wconf 81' lang='lat' dir='ltr'>vitium3</span> <span class='ocrx_word' id='word_1_230' title='bbox 755 2914 811 2978; x_wconf 89' lang='lat' dir='ltr'>sed</span> <span class='ocrx_word' id='word_1_231' title='bbox 830 2936 959 2998; x_wconf 85' lang='lat' dir='ltr'>quaero,</span> <span class='ocrx_word' id='word_1_232' title='bbox 980 2915 1057 2998; x_wconf 87' lang='lat' dir='ltr'>quid</span> <span class='ocrx_word' id='word_1_233' title='bbox 1074 2937 1187 3000; x_wconf 86' lang='lat' dir='ltr'>reapse</span> <span class='ocrx_word' id='word_1_234' title='bbox 1201 2934 1228 2974; x_wconf 82' lang='lat' dir='ltr'>so</span> 
     </span>
     <span class='ocr_line' id='line_1_31' title="bbox 161 2999 1187 3090; baseline 0.003 -25"><span class='ocrx_word' id='word_1_235' title='bbox 161 3001 224 3066; x_wconf 77' lang='lat' dir='ltr'>&#39;sit</span> <span class='ocrx_word' id='word_1_236' title='bbox 252 2999 380 3085; x_wconf 90' lang='lat' dir='ltr'>turpius</span> <span class='ocrx_word' id='word_1_237' title='bbox 410 3022 509 3085; x_wconf 87' lang='lat' dir='ltr'>quam</span> <span class='ocrx_word' id='word_1_238' title='bbox 537 3001 605 3066; x_wconf 91' lang='lat' dir='ltr'>sine</span> <span class='ocrx_word' id='word_1_239' title='bbox 635 3002 873 3086; x_wconf 86' lang='lat' dir='ltr'>procuratione</span> <span class='ocrx_word' id='word_1_240' title='bbox 890 3007 1021 3068; x_wconf 89' lang='lat' dir='ltr'>senator</span> <span class='ocrx_word' id='word_1_241' title='bbox 1049 3003 1187 3090; x_wconf 88' lang='lat' dir='ltr'>legatus,</span> 
     </span>
     <span class='ocr_line' id='line_1_32' title="bbox 180 3088 1187 3176; baseline 0.002 -22"><span class='ocrx_word' id='word_1_242' title='bbox 180 3089 249 3154; x_wconf 90' lang='lat' dir='ltr'>sine</span> <span class='ocrx_word' id='word_1_243' title='bbox 278 3088 455 3173; x_wconf 86' lang='lat' dir='ltr'>mandatis,</span> <span class='ocrx_word' id='word_1_244' title='bbox 483 3089 552 3155; x_wconf 90' lang='lat' dir='ltr'>sine</span> <span class='ocrx_word' id='word_1_245' title='bbox 575 3089 644 3155; x_wconf 93' lang='lat' dir='ltr'>ullo</span> <span class='ocrx_word' id='word_1_246' title='bbox 667 3090 715 3155; x_wconf 90' lang='lat' dir='ltr'>rei</span> <span class='ocrx_word' id='word_1_247' title='bbox 736 3090 886 3176; x_wconf 90' lang='lat' dir='ltr'>publicae</span> <span class='ocrx_word' id='word_1_248' title='bbox 909 3113 1050 3157; x_wconf 90' lang='lat' dir='ltr'>munere.</span> <span class='ocrx_word' id='word_1_249' title='bbox 1096 3089 1187 3167; x_wconf 84' lang='lat' dir='ltr'>Quod</span> 
     </span>
     <span class='ocr_line' id='line_1_33' title="bbox 180 3177 1232 3265; baseline 0.004 -24"><span class='ocrx_word' id='word_1_250' title='bbox 180 3177 310 3263; x_wconf 89' lang='lat' dir='ltr'>quidem</span> <span class='ocrx_word' id='word_1_251' title='bbox 342 3198 444 3261; x_wconf 90' lang='lat' dir='ltr'>genus</span> <span class='ocrx_word' id='word_1_252' title='bbox 471 3177 647 3264; x_wconf 89' lang='lat' dir='ltr'>legationis</span> <span class='ocrx_word' id='word_1_253' title='bbox 675 3199 737 3265; x_wconf 88' lang='lat' dir='ltr'>ego</span> <span class='ocrx_word' id='word_1_254' title='bbox 763 3179 890 3264; x_wconf 83' lang='lat' dir='ltr'>consul,</span> <span class='ocrx_word' id='word_1_255' title='bbox 923 3202 1120 3265; x_wconf 87' lang='lat' dir='ltr'>quemquam</span> <span class='ocrx_word' id='word_1_256' title='bbox 1148 3181 1188 3245; x_wconf 86' lang='lat' dir='ltr'>ed</span> <span class='ocrx_word' id='word_1_257' title='bbox 1229 3216 1232 3224; x_wconf 92' lang='lat'>·</span> 
     </span>
     <span class='ocr_line' id='line_1_34' title="bbox 177 3265 1188 3354; baseline 0.006 -25"><span class='ocrx_word' id='word_1_258' title='bbox 177 3265 384 3330; x_wconf 85' lang='lat' dir='ltr'>commodum</span> <span class='ocrx_word' id='word_1_259' title='bbox 408 3269 539 3331; x_wconf 88' lang='lat' dir='ltr'>senatus</span> <span class='ocrx_word' id='word_1_260' title='bbox 563 3267 725 3351; x_wconf 91' lang='lat' dir='ltr'>pertinere</span> <span class='ocrx_word' id='word_1_261' title='bbox 743 3266 922 3351; x_wconf 81' lang='lat' dir='ltr'>videbatur,</span> <span class='ocrx_word' id='word_1_262' title='bbox 944 3272 1053 3333; x_wconf 87' lang='lat' dir='ltr'>temen</span> <span class='ocrx_word' id='word_1_263' title='bbox 1074 3270 1188 3354; x_wconf 91' lang='lat' dir='ltr'>adpro·</span> 
     </span>
     <span class='ocr_line' id='line_1_35' title="bbox 179 3354 1227 3438; baseline 0.005 -20"><span class='ocrx_word' id='word_1_264' title='bbox 179 3354 279 3418; x_wconf 91' lang='lat' dir='ltr'>bante</span> <span class='ocrx_word' id='word_1_265' title='bbox 303 3356 418 3418; x_wconf 88' lang='lat' dir='ltr'>senatu</span> <span class='ocrx_word' id='word_1_266' title='bbox 440 3354 718 3438; x_wconf 87' lang='lat' dir='ltr'>frequentissimo,</span> <span class='ocrx_word' id='word_1_267' title='bbox 741 3355 805 3419; x_wconf 91' lang='lat' dir='ltr'>nisi</span> <span class='ocrx_word' id='word_1_268' title='bbox 827 3356 908 3420; x_wconf 89' lang='lat' dir='ltr'>mihi</span> <span class='ocrx_word' id='word_1_269' title='bbox 932 3357 1013 3422; x_wconf 83' lang='lat' dir='ltr'>levis</span> <span class='ocrx_word' id='word_1_270' title='bbox 1036 3357 1187 3423; x_wconf 87' lang='lat' dir='ltr'>tribunus</span> <span class='ocrx_word' id='word_1_271' title='bbox 1201 3376 1227 3417; x_wconf 76' lang='lat'>⁸⁵</span> 
     </span>
     <span class='ocr_line' id='line_1_36' title="bbox 178 3441 1188 3528; baseline 0.005 -23"><span class='ocrx_word' id='word_1_272' title='bbox 178 3441 285 3526; x_wconf 89' lang='lat' dir='ltr'>plebis</span> <span class='ocrx_word' id='word_1_273' title='bbox 312 3444 382 3505; x_wconf 92' lang='lat' dir='ltr'>tum</span> <span class='ocrx_word' id='word_1_274' title='bbox 410 3441 659 3528; x_wconf 81' lang='lat' dir='ltr'>intercessisset,</span> <span class='ocrx_word' id='word_1_275' title='bbox 689 3444 902 3510; x_wconf 88' lang='lat' dir='ltr'>sustulissem.</span> <span class='ocrx_word' id='word_1_276' title='bbox 947 3445 1051 3510; x_wconf 90' lang='lat' dir='ltr'>Minui</span> <span class='ocrx_word' id='word_1_277' title='bbox 1078 3450 1188 3510; x_wconf 88' lang='lat' dir='ltr'>tamen</span> 
     </span>
     <span class='ocr_line' id='line_1_37' title="bbox 173 3529 1186 3613; baseline 0.007 -21"><span class='ocrx_word' id='word_1_278' title='bbox 173 3533 308 3613; x_wconf 84' lang='lat' dir='ltr'>tempus</span> <span class='ocrx_word' id='word_1_279' title='bbox 332 3532 373 3612; x_wconf 85' lang='lat' dir='ltr'>et,</span> <span class='ocrx_word' id='word_1_280' title='bbox 397 3529 483 3612; x_wconf 86' lang='lat' dir='ltr'>quod</span> <span class='ocrx_word' id='word_1_281' title='bbox 502 3534 573 3594; x_wconf 90' lang='lat' dir='ltr'>erat</span> <span class='ocrx_word' id='word_1_282' title='bbox 591 3531 762 3611; x_wconf 90' lang='lat' dir='ltr'>infinitum,</span> <span class='ocrx_word' id='word_1_283' title='bbox 785 3555 928 3597; x_wconf 90' lang='lat' dir='ltr'>annuum</span> <span class='ocrx_word' id='word_1_284' title='bbox 945 3532 1015 3598; x_wconf 68' lang='lat' dir='ltr'>feci,</span> <span class='ocrx_word' id='word_1_285' title='bbox 1051 3533 1105 3598; x_wconf 89' lang='lat' dir='ltr'>Ita</span> <span class='ocrx_word' id='word_1_286' title='bbox 1122 3539 1186 3598; x_wconf 88' lang='lat' dir='ltr'>tur·</span> 
     </span>
    </p>
   </div>
   <div class='ocr_carea' id='block_1_3' title="bbox 0 0 1332 3912">
    <p class='ocr_par' dir='ltr' id='par_1_3' title="bbox 0 0 1332 3912">
     <span class='ocr_line' id='line_1_38' title="bbox 0 0 1332 3912; baseline 0 0"><span class='ocrx_word' id='word_1_287' title='bbox 0 0 1332 3912; x_wconf 95' lang='lat' dir='ltr'> </span> 
     </span>
    </p>
   </div>
  </div>
 </body>
</html>
