2654 3924
175 202 243 258 am.
262 202 283 259 n
303 202 592 273 cannaco-10,
613 211 655 274 τι,
674 204 818 275 nacon,
836 204 903 262 na.
918 205 953 262 11.
971 205 1055 264 Aac.
1074 206 1142 272 305

146 374 149 379 ⁴
202 348 232 413 3.
259 348 342 413 Neo.
365 369 397 430 p.
423 350 497 415 526.
523 351 544 414 5
566 347 670 414 Cicero
697 350 733 415 dc
758 350 899 432 reputt.
926 350 977 416 oo.
1002 350 1040 416 I:
1072 348 1141 418 Nec

135 439 265 503 tantum
286 434 457 522 Karthago
484 435 653 502 habuisset
680 459 779 522 opum
806 441 970 504 sescentos
997 437 1065 503 fere
1088 461 1141 504 an-

135 546 195 591 nos
219 524 288 590 sine
310 524 453 591 consiliis
477 528 510 590 et
534 525 712 611 disciplina.

202 615 232 678 4.
259 613 342 679 Nou.
365 634 400 697 p.
426 617 502 680 276.
527 619 548 680 5
577 616 625 680 M.
650 615 773 681 Tattius
801 617 838 681 dc
865 636 900 680 re
923 616 1008 699 publ.
1031 615 1082 681 td).
1104 616 1142 682 I:

108 700 338 788 sOognoscere
360 701 551 787 mehercule,
573 702 688 788 inquit,
710 702 974 770 consuetudinem
991 703 1091 769 istam
1109 707 1143 770 et

136 790 279 855 studium
302 790 468 856 sermonis.

201 879 232 945 5.
254 879 396 945 Laedunt.
418 881 490 946 inst.
512 882 572 946 dio.
594 880 662 946 ΙΙΙ
678 886 728 947 16.
748 883 769 947 5
790 881 866 947 Non
887 902 957 965 erpo
977 882 1143 948 utditctem

135 988 173 1034 ce
197 967 406 1053 philosophia,
436 971 491 1035 sed
516 970 740 1035 oblectationem
760 975 884 1052 pedem,
915 972 998 1054 quod
1021 972 1143 1054 quidem

137 1054 239 1123 cicero
262 1062 388 1123 mutus
404 1062 465 1123 cot:
486 1056 647 1142 Profecto,
669 1059 779 1141 iuquit,
802 1058 906 1124 omnis
924 1058 1063 1125 istorum
1081 1059 1143 1127 dis·

97 1165 123 1205 ιο
136 1144 274 1230 putatio,
297 1166 494 1230 quamquam
516 1146 697 1212 uberrimos
717 1146 825 1212 fontes
842 1146 974 1213 virtutis
993 1152 1026 1213 et
1044 1148 1143 1213 scicn-

136 1234 203 1299 tiae
229 1234 386 1319 continet,
413 1237 524 1299 tamen
546 1235 667 1301 collata
689 1257 763 1302 cum
786 1257 898 1301 eorum
920 1237 1001 1302 actis
1023 1236 1144 1322 perfec·

136 1322 244 1407 tieque
266 1323 363 1388 rebus
385 1344 498 1389 vereor
519 1345 561 1388 nc
582 1345 650 1388 non
670 1327 801 1389 tantum
822 1324 972 1390 videatur
993 1325 1144 1391 attulisse

135 1410 261 1498 negotii
282 1410 478 1495 hominibus,
502 1415 658 1496 quantam
680 1412 940 1479 oblectationem.

205 1501 234 1565 6.
256 1501 437 1567 Arusianus
454 1501 590 1567 Messius
611 1502 735 1584 eeempd
753 1503 855 1567 edocet.
866 1524 902 1586 p.
916 1506 981 1569 216
1002 1502 1142 1568 Lindon.

98 1588 258 1741 aAvocop
281 1588 320 1654 ab
346 1588 405 1654 dlo
429 1609 464 1655 re
485 1588 546 1656 (dc
573 1590 611 1655 de
636 1609 670 1656 re
689 1590 776 1673 publ.
803 1589 854 1656 so.
876 1589 915 1656 I:
945 1588 978 1656 Δ
1000 1611 1065 1676 qua
1086 1589 1141 1656 isti

137 1696 237 1742 avoca
260 1679 326 1742 ant.

383 2033 431 2107 M.
461 2033 622 2106 nonan
649 2033 896 2108 cloaaomo

278 2207 386 2307 DE
441 2210 547 2308 RE
601 2210 997 2311 PUBLIOA

430 2407 568 2468 LIBER
595 2406 846 2469 SECUNDUS.

491 2690 787 2752 ARGUMENTUM.

205 2822 267 2880 Hoc
284 2823 356 2879 libro
365 2823 513 2880 Africanus
523 2824 637 2880 Catonis
651 2824 797 2879 confirmat
810 2823 985 2894 sententiam,
1003 2825 1139 2884 Romano

136 2894 1141 3038 dattocddtuddasdndzdd‘dduddssddtd

136 3034 214 3104 silio,
236 3035 356 3106 pietate,
374 3035 479 3091 virtute
492 3009 536 3091 ’sit
554 3038 715 3094 constituta.
752 3036 813 3102 Qua
830 3039 924 3093 menta
943 3041 1061 3107 enarrat,
1080 3040 1140 3110 qui·

136 3106 188 3161 bus
205 3107 258 3162 illa
275 3105 376 3162 civitas
394 3106 529 3190 auspiciis
547 3124 565 3161 a
577 3108 697 3163 Romulo
716 3108 831 3162 condita
849 3107 888 3163 sit
900 3110 930 3163 et
943 3109 1044 3179 quibus
1057 3109 1140 3166 bene·

26 3176 32 3190 ’
135 3177 214 3244 ficiis,
232 3177 339 3234 artibus
357 3177 561 3248 praendiisque
579 3178 615 3232 ab
633 3179 733 3234 eodem
752 3179 907 3250 ceterisque
925 3180 1039 3250 regibus
1057 3183 1141 3237 aucta

134 3250 165 3304 et
186 3248 296 3304 firmata
318 3251 390 3320 (cap.
414 3253 512 3317 1-22)
534 3249 691 3318 tyrannidis
713 3248 862 3321 impatiens
885 3252 1000 3307 tandem
1023 3269 1139 3308 excusso

134 3318 278 3389 Tarquinii
296 3318 363 3390 iugo
382 3337 411 3376 se
429 3319 460 3374 in
473 3319 633 3375 libertatem
646 3319 834 3376 vindicaverit
846 3329 917 3393 (cap.
933 3327 1057 3394 23—27),
1080 3324 1140 3378 Iam

134 3390 262 3461 exposita
282 3389 440 3460 tyrannidis
462 3392 562 3445 natura
584 3394 654 3462 (cap.
675 3397 717 3458 28,
737 3396 782 3462 29)
806 3392 901 3463 Scipio
923 3409 981 3448 non
998 3393 1139 3461 minimae,

134 3460 246 3530 qualem
262 3460 344 3517 Plato
363 3461 535 3533 cogitatione
553 3462 676 3529 finxerit,
698 3462 748 3517 sed
765 3462 916 3531 maximae,
933 3480 1008 3588 puae
1024 3481 1054 3520 re
1072 3480 1139 3519 vera

133 3530 230 3600 fuerit,
252 3532 440 3589 Romanorum
463 3531 587 3589 civitatis
609 3532 761 3603 imaginem
778 3533 932 3589 adumbran
953 3550 1089 3590 onovam
1108 3551 1138 3591 se

187 3629 242 3675 010.
255 3631 298 3673 1v.
311 3633 330 3674 2.
890 3628 925 3677 20
