2654 3912
246 222 314 275 LIB.
333 221 366 277 V.
390 221 466 275 CAP.
487 227 564 276 7-9.
584 227 599 286 5
618 227 714 285 9-11,
738 219 806 274 LlB.
827 221 873 274 Vl.
893 219 1033 277 lasum.
1081 220 1147 284 365

139 368 219 434 mali
249 366 356 431 fecere
383 365 524 450 videtur,
556 363 613 449 qui
640 364 801 449 oratione,
834 385 931 448 quam
961 364 1016 448 qui
1042 363 1148 451 pretio

138 457 277 521 iudicem
305 453 496 538 corrumpit,
524 453 611 537 quod
637 452 775 538 pecunia
801 473 1008 536 eorrumpere
1030 453 1149 537 puden·

140 550 207 610 tem
233 565 329 611 nemo
357 545 481 628 potest,
509 542 641 606 dicendo
669 544 789 628 potest.
824 541 1031 624 (Ammianus
1047 542 1149 608 ,Mor-

140 635 267 700 oeltiaus
289 631 393 696 XXX
413 637 444 696 4.
466 633 531 716 10.)

113 740 127 781 o
207 721 255 785 M.
285 721 407 785 Tullius
437 720 474 784 da
500 740 534 785 re
555 719 640 802 pati.
669 719 719 784 ou.
747 718 790 784 V:
823 716 912 793 Quae
941 740 1014 784 oum
1031 715 1150 803 ¹Scipio

141 809 285 893 dixisset,
308 807 482 874 admodum
503 808 646 893 probans
664 806 854 891 Mummium
878 810 949 871 erat
972 805 1058 871 enim
1077 806 1151 872 odio

140 897 317 982 'equorum
338 896 507 961 rhetorum
530 896 723 961 inbutus...
753 896 894 978 (Nonius
910 917 945 978 p.
968 899 1039 961 521.
1062 897 1130 981 12.)

209 986 312 1051 Cicero
338 986 374 1051 de
399 1006 433 1049 re
454 984 580 1067 publiea
603 985 679 1050 libro
703 984 746 1049 V:
773 988 844 1049 tum
866 985 901 1048 in
924 984 1082 1069 optimam
1106 1007 1152 1050 se·

144 1081 251 1162 getem
270 1074 440 1159 praeclara
458 1077 567 1138 essent
582 1094 696 1157 sparsa
711 1073 843 1137 semina.
866 1071 1046 1157 (Continent.
1061 1095 1152 1140 anon.

104 1183 130 1223 ιο
144 1166 187 1228 aot
218 1164 303 1244 Vap.
335 1161 443 1244 Georp.
470 1161 496 1226 I
523 1163 566 1226 in.
595 1162 682 1245 epod
708 1161 852 1227 Boudia.
880 1164 971 1228 nutat.
1000 1163 1054 1228 lut
1084 1164 1152 1229 bibl.

143 1253 242 1317 Luae.
265 1252 358 1334 Hp.
379 1251 469 1334 348.)

543 1412 754 1419 -.---—-—-

393 1572 441 1644 n.
472 1571 632 1643 sumu
659 1569 907 1644 emenonis

297 1748 405 1845 DE
455 1747 561 1845 RE
607 1746 715 1845 PU
734 1747 775 1843 B
794 1746 836 1845 L
854 1747 880 1843 Ι
899 1745 936 1845 O
956 1747 1005 1848 Α

500 1943 623 2003 LIBER
645 1943 805 2005 SEXTUS.

477 2209 830 2270 ARGUMENTUM.

153 2417 159 2428 .
222 2343 295 2409 Quas
310 2361 354 2399 res
369 2345 447 2399 sexto
461 2344 534 2425 libro
550 2343 711 2425 complexus
727 2343 765 2398 sit
775 2343 881 2410 Cicero,
895 2343 1018 2398 maxima
1031 2361 1065 2400 ex
1078 2348 1159 2417 parte

151 2414 1159 2566 sausessennuuattsuttsometime?

152 2560 211 2622 tur,
238 2558 350 2610 constat
376 2555 406 2609 in
429 2558 507 2610 sexto
530 2572 640 2625 quoque
662 2555 736 2610 l1bro
760 2557 952 2613 continuatum
975 2575 1037 2614 esse
1060 2560 1095 2614 de
1118 2559 1160 2616 rei

153 2625 282 2697 publicae
305 2627 413 2681 rectore
435 2642 603 2693 sermonem3
629 2625 698 2680 item
722 2625 827 2681 dictum
850 2628 885 2682 de
909 2628 1093 2684 seditionibus
1118 2647 1159 2686 re·

152 2713 269 2778 rumque
290 2696 715 2819 puolioammdoonversionibus
739 2713 888 2768 earumque
907 2699 1011 2768 causis,
1034 2701 1159 2783 utlluxu,

153 2766 1160 2922 &stlteitlttessuttssstlt·qt?‚tttttttttt

154 2909 270 2963 dubium
291 2924 348 2962 non
371 2907 494 2974 videtum
517 2925 583 2963 nam
606 2912 635 2963 et
652 2909 743 2965 Laehi
765 2910 800 2965 de
818 2912 956 2982 religione
975 2913 1065 2968 oratio
1088 2931 1161 2968 oom-

153 2980 334 3045 memoratur‚
353 2995 406 3034 neo
424 2979 459 3033 ad
474 2978 556 3034 illum
574 2980 675 3035 somnii
692 2979 886 3036 admirabilem
905 2982 1048 3054 epilogum
1066 2984 1161 3056 potuit

152 3051 209 3107 nisi
230 3050 284 3104 hae
306 3049 414 3104 ratione
437 3050 586 3120 perveniti.
623 3051 726 3105 Actum
747 3053 894 3123 praeterea
912 3054 956 3108 est
974 3053 1009 3110 de
1027 3055 1160 3125 praemiis

153 3120 267 3177 virtutis
286 3122 316 3175 et
333 3120 367 3176 de
386 3120 599 3177 immortalitate
617 3122 780 3190 animorum,
800 3122 879 3178 euius
897 3124 1041 3194 utriusque
1059 3126 1101 3180 rei
1118 3129 1161 3182 te·

154 3194 226 3246 stem
252 3192 387 3245 hebemus
414 3192 587 3247 Macrobium
613 3193 644 3247 in
672 3193 907 3249 commentatione
931 3195 1045 3264 somnii,
1075 3213 1162 3266 eaque

153 3262 279 3318 Platonis
301 3262 425 3317 imitatio
448 3263 515 3329 fuit,
539 3263 587 3332 qui
609 3266 779 3333 postremam
802 3282 918 3335 eamque
942 3266 1011 3321 satis
1029 3283 1162 3338 magnum

154 3334 288 3388 librorum
310 3334 346 3389 de
369 3350 399 3389 re
421 3333 536 3404 publiea
556 3336 666 3405 partem
688 3335 720 3388 in
742 3352 776 3391 eo
795 3338 960 3406 argumento
980 3338 1161 3409 consumpsit

154 3403 329 3459 Enumeratis
352 3403 441 3474 igitur
462 3404 510 3485 iis,
535 3421 606 3473 quae
628 3404 704 3460 inter
726 3406 854 3486 homines
872 3408 1024 3477 habentur,
1048 3408 1162 3464 virtutis

154 3474 295 3545 praemiis,
315 3492 378 3529 oum
396 3492 430 3531 ea
447 3477 516 3529 satu
534 3476 626 3531 faeere
643 3493 700 3533 non
718 3476 892 3548 v1derentur,
911 3479 997 3534 immo
1015 3480 1093 3534 nulla
1111 3480 1163 3536 ali·

154 3546 265 3613 quondo
290 3548 395 3614 essent,
420 3563 509 3601 sermo
530 3545 670 3601 Ciceronis
692 3547 830 3616 paulatim
848 3565 882 3605 eo
901 3549 1032 3620 delapsus
1051 3553 1108 3617 eet,
1131 3552 1164 3607 ut
