<?xml version="1.0" encoding="UTF-8"?>
<!DOCTYPE html PUBLIC "-//W3C//DTD XHTML 1.0 Transitional//EN"
    "http://www.w3.org/TR/xhtml1/DTD/xhtml1-transitional.dtd">
<html xmlns="http://www.w3.org/1999/xhtml" xml:lang="en" lang="en">
 <head>
  <title>
</title>
<meta http-equiv="Content-Type" content="text/html;charset=utf-8" />
  <meta name='ocr-system' content='tesseract 3.04.00' />
  <meta name='ocr-capabilities' content='ocr_page ocr_carea ocr_par ocr_line ocrx_word'/>
</head>
<body>
  <div class='ocr_page' id='page_1' title='image "./mtulliiciceroni00salegoog_0422.png"; bbox 0 0 2654 3912; ppageno 0'>
   <div class='ocr_carea' id='block_1_1' title="bbox 264 144 1132 267">
    <p class='ocr_par' dir='ltr' id='par_1_1' title="bbox 264 144 1132 267">
     <span class='ocr_line' id='line_1_1' title="bbox 264 144 1132 267; baseline 0.016 -27"><span class='ocrx_word' id='word_1_1' title='bbox 264 260 269 267; x_wconf 18' lang='grc' dir='ltr'><em>Ι</em></span> <span class='ocrx_word' id='word_1_2' title='bbox 377 188 446 244; x_wconf 78' lang='lat' dir='ltr'><strong>LIB.</strong></span> <span class='ocrx_word' id='word_1_3' title='bbox 465 144 706 267; x_wconf 51' lang='lat' dir='ltr'><em>VIJCAPe-u.</em></span> <span class='ocrx_word' id='word_1_4' title='bbox 725 195 741 255; x_wconf 71' lang='lat' dir='ltr'><em>s</em></span> <span class='ocrx_word' id='word_1_5' title='bbox 759 196 837 243; x_wconf 33' lang='lat'><em>3-71</em></span> <span class='ocrx_word' id='word_1_6' title='bbox 1065 189 1132 254; x_wconf 84' lang='lat'><em>369</em></span> 
     </span>
    </p>
   </div>
   <div class='ocr_carea' id='block_1_2' title="bbox 9 332 1178 3674">
    <p class='ocr_par' dir='ltr' id='par_1_2' title="bbox 9 332 1178 3674">
     <span class='ocr_line' id='line_1_2' title="bbox 121 332 1131 416; baseline 0 -16"><span class='ocrx_word' id='word_1_7' title='bbox 121 335 198 400; x_wconf 90' lang='lat' dir='ltr'><em>dum</em></span> <span class='ocrx_word' id='word_1_8' title='bbox 219 334 269 413; x_wconf 87' lang='lat' dir='ltr'><em>sit,</em></span> <span class='ocrx_word' id='word_1_9' title='bbox 291 333 346 416; x_wconf 78' lang='lat' dir='ltr'><em>qui</em></span> <span class='ocrx_word' id='word_1_10' title='bbox 367 353 433 398; x_wconf 87' lang='lat' dir='ltr'><em>rem</em></span> <span class='ocrx_word' id='word_1_11' title='bbox 451 332 610 416; x_wconf 79' lang='lat' dir='ltr'><em>publicam</em></span> <span class='ocrx_word' id='word_1_12' title='bbox 631 353 701 398; x_wconf 88' lang='lat' dir='ltr'><em>oum</em></span> <span class='ocrx_word' id='word_1_13' title='bbox 718 333 895 415; x_wconf 78' lang='lat' dir='ltr'><em>prudentia,</em></span> <span class='ocrx_word' id='word_1_14' title='bbox 916 334 1046 412; x_wconf 79' lang='lat' dir='ltr'><em>iustitia</em></span> <span class='ocrx_word' id='word_1_15' title='bbox 1066 333 1131 415; x_wconf 82' lang='lat' dir='ltr'><em>for·</em></span> 
     </span>
     <span class='ocr_line' id='line_1_3' title="bbox 73 420 1132 497; baseline 0.001 -10"><span class='ocrx_word' id='word_1_16' title='bbox 73 492 75 494; x_wconf 60' lang='grc'>,</span> <span class='ocrx_word' id='word_1_17' title='bbox 121 423 253 487; x_wconf 88' lang='lat' dir='ltr'><em>titudine</em></span> <span class='ocrx_word' id='word_1_18' title='bbox 274 442 312 488; x_wconf 88' lang='lat' dir='ltr'><em>ae</em></span> <span class='ocrx_word' id='word_1_19' title='bbox 332 423 538 487; x_wconf 78' lang='lat' dir='ltr'><em>moderatione</em></span> <span class='ocrx_word' id='word_1_20' title='bbox 558 423 765 497; x_wconf 79' lang='lat' dir='ltr'><em>tractaverint.</em></span> <span class='ocrx_word' id='word_1_21' title='bbox 800 420 863 487; x_wconf 77' lang='lat' dir='ltr'><em>Sed</em></span> <span class='ocrx_word' id='word_1_22' title='bbox 882 421 935 487; x_wconf 89' lang='lat' dir='ltr'><em>ille</em></span> <span class='ocrx_word' id='word_1_23' title='bbox 952 421 1132 488; x_wconf 85' lang='lat' dir='ltr'><em>Platonious</em></span> 
     </span>
     <span class='ocr_line' id='line_1_4' title="bbox 120 509 1131 592; baseline -0.001 -16"><span class='ocrx_word' id='word_1_24' title='bbox 120 514 303 576; x_wconf 79' lang='lat' dir='ltr'><em>secretorum</em></span> <span class='ocrx_word' id='word_1_25' title='bbox 325 511 439 575; x_wconf 76' lang='lat' dir='ltr'><em>relator</em></span> <span class='ocrx_word' id='word_1_26' title='bbox 455 510 506 575; x_wconf 79' lang='lat' dir='ltr'><em>Er</em></span> <span class='ocrx_word' id='word_1_27' title='bbox 522 510 650 592; x_wconf 64' lang='lat' dir='ltr'><em>quomam</em></span> <span class='ocrx_word' id='word_1_28' title='bbox 667 510 791 575; x_wconf 89' lang='lat' dir='ltr'><em>nomine</em></span> <span class='ocrx_word' id='word_1_29' title='bbox 806 510 878 590; x_wconf 85' lang='lat' dir='ltr'><em>fuit,</em></span> <span class='ocrx_word' id='word_1_30' title='bbox 900 511 1025 577; x_wconf 91' lang='lat' dir='ltr'><em>natione</em></span> <span class='ocrx_word' id='word_1_31' title='bbox 1037 509 1131 575; x_wconf 89' lang='lat' dir='ltr'><em>Pam·</em></span> 
     </span>
     <span class='ocr_line' id='line_1_5' title="bbox 10 597 1131 681; baseline 0.003 -19"><span class='ocrx_word' id='word_1_32' title='bbox 10 612 13 615; x_wconf 83' lang='grc'><em>·</em></span> <span class='ocrx_word' id='word_1_33' title='bbox 116 598 246 681; x_wconf 69' lang='lat' dir='ltr'><em>ululas,</em></span> <span class='ocrx_word' id='word_1_34' title='bbox 273 598 361 665; x_wconf 89' lang='lat' dir='ltr'><em>miles</em></span> <span class='ocrx_word' id='word_1_35' title='bbox 382 599 497 680; x_wconf 75' lang='lat' dir='ltr'><em>offiuo,</em></span> <span class='ocrx_word' id='word_1_36' title='bbox 524 599 579 680; x_wconf 83' lang='lat' dir='ltr'><em>qui</em></span> <span class='ocrx_word' id='word_1_37' title='bbox 600 619 669 663; x_wconf 91' lang='lat' dir='ltr'><em>oum</em></span> <span class='ocrx_word' id='word_1_38' title='bbox 690 597 866 664; x_wconf 78' lang='lat' dir='ltr'><em>uulneribus</em></span> <span class='ocrx_word' id='word_1_39' title='bbox 887 598 923 663; x_wconf 90' lang='lat' dir='ltr'><em>iu</em></span> <span class='ocrx_word' id='word_1_40' title='bbox 939 599 1059 681; x_wconf 75' lang='lat' dir='ltr'><em>proelio</em></span> <span class='ocrx_word' id='word_1_41' title='bbox 1080 619 1131 665; x_wconf 88' lang='lat' dir='ltr'><em>ao-</em></span> 
     </span>
     <span class='ocr_line' id='line_1_6' title="bbox 94 686 1132 769; baseline 0 -17"><span class='ocrx_word' id='word_1_42' title='bbox 94 689 214 769; x_wconf 77' lang='lat' dir='ltr'><em>⁶oeptis</em></span> <span class='ocrx_word' id='word_1_43' title='bbox 240 688 337 752; x_wconf 88' lang='lat' dir='ltr'><em>uitam</em></span> <span class='ocrx_word' id='word_1_44' title='bbox 363 687 506 767; x_wconf 79' lang='lat' dir='ltr'><em>effudisse</em></span> <span class='ocrx_word' id='word_1_45' title='bbox 531 688 615 752; x_wconf 85' lang='lat' dir='ltr'><em>uisus</em></span> <span class='ocrx_word' id='word_1_46' title='bbox 641 686 816 752; x_wconf 82' lang='lat' dir='ltr'><em>duodecimo</em></span> <span class='ocrx_word' id='word_1_47' title='bbox 838 687 960 752; x_wconf 85' lang='lat' dir='ltr'><em>demum</em></span> <span class='ocrx_word' id='word_1_48' title='bbox 981 687 1031 753; x_wconf 87' lang='lat' dir='ltr'><em>die</em></span> <span class='ocrx_word' id='word_1_49' title='bbox 1051 688 1132 752; x_wconf 89' lang='lat' dir='ltr'><em>iuter</em></span> 
     </span>
     <span class='ocr_line' id='line_1_7' title="bbox 123 773 1132 859; baseline 0 -18"><span class='ocrx_word' id='word_1_50' title='bbox 123 780 233 841; x_wconf 88' lang='lat' dir='ltr'><em>eeteros</em></span> <span class='ocrx_word' id='word_1_51' title='bbox 249 796 315 840; x_wconf 92' lang='lat' dir='ltr'><em>uua</em></span> <span class='ocrx_word' id='word_1_52' title='bbox 327 779 498 859; x_wconf 74' lang='lat' dir='ltr'><em>puempton</em></span> <span class='ocrx_word' id='word_1_53' title='bbox 514 773 624 840; x_wconf 92' lang='lat' dir='ltr'><em>ultimo</em></span> <span class='ocrx_word' id='word_1_54' title='bbox 642 780 716 841; x_wconf 89' lang='lat' dir='ltr'><em>esset</em></span> <span class='ocrx_word' id='word_1_55' title='bbox 727 775 925 842; x_wconf 85' lang='lat' dir='ltr'><em>lmorandus</em></span> <span class='ocrx_word' id='word_1_56' title='bbox 937 776 1016 858; x_wconf 66' lang='lat' dir='ltr'><em>mue,</em></span> <span class='ocrx_word' id='word_1_57' title='bbox 1033 776 1132 842; x_wconf 85' lang='lat' dir='ltr'><em>sulita</em></span> 
     </span>
     <span class='ocr_line' id='line_1_8' title="bbox 121 864 1133 946; baseline -0.001 -17"><span class='ocrx_word' id='word_1_58' title='bbox 121 883 175 929; x_wconf 83' lang='lat' dir='ltr'><em>sao</em></span> <span class='ocrx_word' id='word_1_59' title='bbox 205 869 324 945; x_wconf 78' lang='lat' dir='ltr'><em>recepta</em></span> <span class='ocrx_word' id='word_1_60' title='bbox 354 864 464 929; x_wconf 90' lang='lat' dir='ltr'><em>anima</em></span> <span class='ocrx_word' id='word_1_61' title='bbox 488 883 542 930; x_wconf 89' lang='lat' dir='ltr'><em>seu</em></span> <span class='ocrx_word' id='word_1_62' title='bbox 568 869 697 942; x_wconf 83' lang='lat' dir='ltr'><em>retenta,</em></span> <span class='ocrx_word' id='word_1_63' title='bbox 728 865 874 946; x_wconf 76' lang='lat' dir='ltr'><em>quiequid</em></span> <span class='ocrx_word' id='word_1_64' title='bbox 898 865 1026 930; x_wconf 79' lang='lat' dir='ltr'><em>emensis</em></span> <span class='ocrx_word' id='word_1_65' title='bbox 1052 866 1133 928; x_wconf 90' lang='lat' dir='ltr'><em>inter</em></span> 
     </span>
     <span class='ocr_line' id='line_1_9' title="bbox 120 952 1132 1036; baseline 0.001 -19"><span class='ocrx_word' id='word_1_66' title='bbox 120 956 284 1034; x_wconf 79' lang='lat' dir='ltr'><em>utramque</em></span> <span class='ocrx_word' id='word_1_67' title='bbox 305 952 402 1017; x_wconf 90' lang='lat' dir='ltr'><em>uitam</em></span> <span class='ocrx_word' id='word_1_68' title='bbox 423 952 528 1018; x_wconf 82' lang='lat' dir='ltr'><em>diebus</em></span> <span class='ocrx_word' id='word_1_69' title='bbox 549 958 651 1034; x_wconf 72' lang='lat' dir='ltr'><em>eqerat</em></span> <span class='ocrx_word' id='word_1_70' title='bbox 671 953 830 1032; x_wconf 85' lang='lat' dir='ltr'><em>uideratoe,</em></span> <span class='ocrx_word' id='word_1_71' title='bbox 853 957 1012 1035; x_wconf 66' lang='lat' dir='ltr'><em>uunquam</em></span> <span class='ocrx_word' id='word_1_72' title='bbox 1028 953 1132 1036; x_wconf 78' lang='lat' dir='ltr'><em>poelli-</em></span> 
     </span>
     <span class='ocr_line' id='line_1_10' title="bbox 39 1040 1134 1124; baseline 0.002 -20"><span class='ocrx_word' id='word_1_73' title='bbox 39 1055 41 1058; x_wconf 73' lang='grc'>’</span> <span class='ocrx_word' id='word_1_74' title='bbox 125 1060 196 1105; x_wconf 88' lang='lat' dir='ltr'><em>eum</em></span> <span class='ocrx_word' id='word_1_75' title='bbox 211 1041 371 1123; x_wconf 74' lang='lat' dir='ltr'><em>protessus</em></span> <span class='ocrx_word' id='word_1_76' title='bbox 388 1042 539 1106; x_wconf 73' lang='lat' dir='ltr'><em>indicium</em></span> <span class='ocrx_word' id='word_1_77' title='bbox 556 1040 691 1105; x_wconf 86' lang='lat' dir='ltr'><em>lumano</em></span> <span class='ocrx_word' id='word_1_78' title='bbox 706 1043 811 1124; x_wconf 72' lang='lat' dir='ltr'><em>ymeri</em></span> <span class='ocrx_word' id='word_1_79' title='bbox 827 1042 1006 1106; x_wconf 74' lang='lat' dir='ltr'><strong><em>enuntiavit.</em></strong></span> <span class='ocrx_word' id='word_1_80' title='bbox 1037 1041 1134 1106; x_wconf 84' lang='lat' dir='ltr'><em>Hane</em></span> 
     </span>
     <span class='ocr_line' id='line_1_11' title="bbox 81 1128 1133 1212; baseline 0.001 -18"><span class='ocrx_word' id='word_1_81' title='bbox 81 1140 110 1182; x_wconf 86' lang='lat'><em>1⁰</em></span> <span class='ocrx_word' id='word_1_82' title='bbox 121 1128 264 1210; x_wconf 82' lang='lat' dir='ltr'><em>falrnlam</em></span> <span class='ocrx_word' id='word_1_83' title='bbox 286 1128 390 1195; x_wconf 81' lang='lat' dir='ltr'><em>Cicero</em></span> <span class='ocrx_word' id='word_1_84' title='bbox 413 1130 481 1195; x_wconf 88' lang='lat' dir='ltr'><em>lieet</em></span> <span class='ocrx_word' id='word_1_85' title='bbox 501 1129 541 1194; x_wconf 84' lang='lat' dir='ltr'><em>ab</em></span> <span class='ocrx_word' id='word_1_86' title='bbox 563 1130 693 1195; x_wconf 76' lang='lat' dir='ltr'><em>indoctis</em></span> <span class='ocrx_word' id='word_1_87' title='bbox 714 1131 806 1212; x_wconf 80' lang='lat' dir='ltr'><em>quasi</em></span> <span class='ocrx_word' id='word_1_88' title='bbox 825 1130 891 1211; x_wconf 81' lang='lat' dir='ltr'><em>ipse</em></span> <span class='ocrx_word' id='word_1_89' title='bbox 912 1130 975 1195; x_wconf 89' lang='lat' dir='ltr'><em>ueri</em></span> <span class='ocrx_word' id='word_1_90' title='bbox 997 1131 1133 1196; x_wconf 78' lang='lat' dir='ltr'><em>causans</em></span> 
     </span>
     <span class='ocr_line' id='line_1_12' title="bbox 121 1217 1133 1300; baseline 0.001 -17"><span class='ocrx_word' id='word_1_91' title='bbox 121 1218 224 1283; x_wconf 90' lang='lat' dir='ltr'><em>doleat</em></span> <span class='ocrx_word' id='word_1_92' title='bbox 248 1219 391 1298; x_wconf 84' lang='lat' dir='ltr'><em>irrisam,</em></span> <span class='ocrx_word' id='word_1_93' title='bbox 418 1218 588 1300; x_wconf 80' lang='lat' dir='ltr'><em>euemplum</em></span> <span class='ocrx_word' id='word_1_94' title='bbox 615 1222 717 1282; x_wconf 90' lang='lat' dir='ltr'><em>tamen</em></span> <span class='ocrx_word' id='word_1_95' title='bbox 742 1217 871 1283; x_wconf 82' lang='lat' dir='ltr'><em>stolidae</em></span> <span class='ocrx_word' id='word_1_96' title='bbox 891 1217 1133 1300; x_wconf 75' lang='lat' dir='ltr'><em>reprehensionis</em></span> 
     </span>
     <span class='ocr_line' id='line_1_13' title="bbox 121 1307 1178 1389; baseline 0.001 -18"><span class='ocrx_word' id='word_1_97' title='bbox 121 1308 225 1372; x_wconf 85' lang='lat' dir='ltr'><em>oileus</em></span> <span class='ocrx_word' id='word_1_98' title='bbox 246 1307 374 1372; x_wconf 84' lang='lat' dir='ltr'><em>enoitari</em></span> <span class='ocrx_word' id='word_1_99' title='bbox 395 1312 601 1372; x_wconf 84' lang='lat' dir='ltr'><em>narraturum</em></span> <span class='ocrx_word' id='word_1_100' title='bbox 622 1326 716 1389; x_wconf 80' lang='lat' dir='ltr'><em>quam</em></span> <span class='ocrx_word' id='word_1_101' title='bbox 737 1307 911 1372; x_wconf 80' lang='lat' dir='ltr'><em>reviviscere</em></span> <span class='ocrx_word' id='word_1_102' title='bbox 932 1307 1052 1372; x_wconf 91' lang='lat' dir='ltr'><em>maluit.</em></span> <span class='ocrx_word' id='word_1_103' title='bbox 1172 1375 1178 1386; x_wconf 50' lang='lat'>„</span> 
     </span>
     <span class='ocr_line' id='line_1_14' title="bbox 189 1374 1170 1478; baseline 0.001 -19"><span class='ocrx_word' id='word_1_104' title='bbox 189 1395 238 1459; x_wconf 88' lang='lat' dir='ltr'><em>Ao</em></span> <span class='ocrx_word' id='word_1_105' title='bbox 253 1396 348 1478; x_wconf 71' lang='lat' dir='ltr'><em>prius</em></span> <span class='ocrx_word' id='word_1_106' title='bbox 364 1416 459 1477; x_wconf 75' lang='lat' dir='ltr'><em>qnam</em></span> <span class='ocrx_word' id='word_1_107' title='bbox 476 1395 591 1460; x_wconf 89' lang='lat' dir='ltr'><em>somnii</em></span> <span class='ocrx_word' id='word_1_108' title='bbox 607 1394 697 1459; x_wconf 84' lang='lat' dir='ltr'><em>uerba</em></span> <span class='ocrx_word' id='word_1_109' title='bbox 714 1396 918 1477; x_wconf 81' lang='lat' dir='ltr'><em>consulamus,</em></span> <span class='ocrx_word' id='word_1_110' title='bbox 940 1397 1133 1461; x_wconf 85' lang='lat' dir='ltr'><em>audendum</em></span> <span class='ocrx_word' id='word_1_111' title='bbox 1153 1374 1170 1436; x_wconf 78' lang='lat'><strong>7</strong></span> 
     </span>
     <span class='ocr_line' id='line_1_15' title="bbox 122 1473 1162 1566; baseline 0 -18"><span class='ocrx_word' id='word_1_112' title='bbox 122 1483 210 1548; x_wconf 84' lang='lat' dir='ltr'><em>uobis</em></span> <span class='ocrx_word' id='word_1_113' title='bbox 238 1488 293 1562; x_wconf 81' lang='lat' dir='ltr'><em>est,</em></span> <span class='ocrx_word' id='word_1_114' title='bbox 322 1504 344 1547; x_wconf 92' lang='lat' dir='ltr'><em>a</em></span> <span class='ocrx_word' id='word_1_115' title='bbox 372 1505 431 1566; x_wconf 80' lang='lat' dir='ltr'><em>quo</em></span> <span class='ocrx_word' id='word_1_116' title='bbox 454 1503 562 1565; x_wconf 67' lang='lat' dir='ltr'><em>uenere</em></span> <span class='ocrx_word' id='word_1_117' title='bbox 587 1483 747 1548; x_wconf 83' lang='lat' dir='ltr'><em>lominum</em></span> <span class='ocrx_word' id='word_1_118' title='bbox 771 1483 894 1549; x_wconf 81' lang='lat' dir='ltr'><em>Tullius</em></span> <span class='ocrx_word' id='word_1_119' title='bbox 919 1489 1064 1549; x_wconf 78' lang='lat' dir='ltr'><em>mammet</em></span> <span class='ocrx_word' id='word_1_120' title='bbox 1088 1473 1162 1549; x_wconf 79' lang='lat' dir='ltr'><em>oel‘</em></span> 
     </span>
     <span class='ocr_line' id='line_1_16' title="bbox 83 1571 1134 1653; baseline 0 -17"><span class='ocrx_word' id='word_1_121' title='bbox 83 1583 110 1624; x_wconf 80' lang='lat'><em>1⁶</em></span> <span class='ocrx_word' id='word_1_122' title='bbox 124 1573 252 1636; x_wconf 88' lang='lat' dir='ltr'><em>irrisam</em></span> <span class='ocrx_word' id='word_1_123' title='bbox 274 1571 421 1637; x_wconf 84' lang='lat' dir='ltr'><em>Platonis</em></span> <span class='ocrx_word' id='word_1_124' title='bbox 441 1572 583 1653; x_wconf 75' lang='lat' dir='ltr'><em>fabulam</em></span> <span class='ocrx_word' id='word_1_125' title='bbox 604 1572 658 1651; x_wconf 88' lang='lat' dir='ltr'><em>uel,</em></span> <span class='ocrx_word' id='word_1_126' title='bbox 681 1593 719 1637; x_wconf 92' lang='lat' dir='ltr'><em>ne</em></span> <span class='ocrx_word' id='word_1_127' title='bbox 740 1572 800 1638; x_wconf 74' lang='lat' dir='ltr'><em>nli</em></span> <span class='ocrx_word' id='word_1_128' title='bbox 821 1573 902 1637; x_wconf 91' lang='lat' dir='ltr'><em>idem</em></span> <span class='ocrx_word' id='word_1_129' title='bbox 924 1573 1049 1651; x_wconf 88' lang='lat' dir='ltr'><em>eueniat,</em></span> <span class='ocrx_word' id='word_1_130' title='bbox 1070 1592 1134 1637; x_wconf 92' lang='lat' dir='ltr'><em>nou</em></span> 
     </span>
     <span class='ocr_line' id='line_1_17' title="bbox 123 1659 1133 1744; baseline 0.001 -20"><span class='ocrx_word' id='word_1_131' title='bbox 123 1661 227 1725; x_wconf 77' lang='lat' dir='ltr'><em>nerem.</em></span> <span class='ocrx_word' id='word_1_132' title='bbox 273 1660 338 1725; x_wconf 89' lang='lat' dir='ltr'><em>Nee</em></span> <span class='ocrx_word' id='word_1_133' title='bbox 364 1662 446 1725; x_wconf 86' lang='lat' dir='ltr'><em>euim</em></span> <span class='ocrx_word' id='word_1_134' title='bbox 472 1659 522 1725; x_wconf 83' lang='lat' dir='ltr'><em>leis</em></span> <span class='ocrx_word' id='word_1_135' title='bbox 547 1660 645 1725; x_wconf 71' lang='lat' dir='ltr'><em>uerbis</em></span> <span class='ocrx_word' id='word_1_136' title='bbox 670 1661 736 1726; x_wconf 87' lang='lat' dir='ltr'><em>uult</em></span> <span class='ocrx_word' id='word_1_137' title='bbox 761 1662 930 1744; x_wconf 78' lang='lat' dir='ltr'><em>inperitam</em></span> <span class='ocrx_word' id='word_1_138' title='bbox 955 1661 1064 1743; x_wconf 65' lang='lat' dir='ltr'><em>uulnus</em></span> <span class='ocrx_word' id='word_1_139' title='bbox 1085 1662 1133 1725; x_wconf 91' lang='lat' dir='ltr'><em>iu·</em></span> 
     </span>
     <span class='ocr_line' id='line_1_18' title="bbox 124 1748 1133 1832; baseline 0.001 -19"><span class='ocrx_word' id='word_1_140' title='bbox 124 1749 231 1831; x_wconf 74' lang='lat' dir='ltr'><em>telleoi</em></span> <span class='ocrx_word' id='word_1_141' title='bbox 249 1749 303 1813; x_wconf 92' lang='lat' dir='ltr'><em>sed</em></span> <span class='ocrx_word' id='word_1_142' title='bbox 311 1768 408 1830; x_wconf 72' lang='lat' dir='ltr'><em>aeuus</em></span> <span class='ocrx_word' id='word_1_143' title='bbox 420 1748 580 1814; x_wconf 79' lang='lat' dir='ltr'><em>homilium</em></span> <span class='ocrx_word' id='word_1_144' title='bbox 592 1750 657 1814; x_wconf 86' lang='lat' dir='ltr'><em>ueri</em></span> <span class='ocrx_word' id='word_1_145' title='bbox 670 1750 816 1832; x_wconf 73' lang='lat' dir='ltr'><em>lanarum</em></span> <span class='ocrx_word' id='word_1_146' title='bbox 828 1750 884 1815; x_wconf 86' lang='lat' dir='ltr'><em>sul</em></span> <span class='ocrx_word' id='word_1_147' title='bbox 891 1750 1025 1832; x_wconf 76' lang='lat' dir='ltr'><em>peritiae</em></span> <span class='ocrx_word' id='word_1_148' title='bbox 1039 1753 1133 1815; x_wconf 86' lang='lat' dir='ltr'><em>osten·</em></span> 
     </span>
     <span class='ocr_line' id='line_1_19' title="bbox 125 1837 1133 1920; baseline 0.003 -20"><span class='ocrx_word' id='word_1_149' title='bbox 125 1838 246 1914; x_wconf 86' lang='lat' dir='ltr'><em>tatione,</em></span> <span class='ocrx_word' id='word_1_150' title='bbox 268 1838 379 1919; x_wconf 77' lang='lat' dir='ltr'><em>quiippe</em></span> <span class='ocrx_word' id='word_1_151' title='bbox 396 1857 471 1919; x_wconf 80' lang='lat' dir='ltr'><em>quos</em></span> <span class='ocrx_word' id='word_1_152' title='bbox 488 1843 518 1902; x_wconf 90' lang='lat' dir='ltr'><em>et</em></span> <span class='ocrx_word' id='word_1_153' title='bbox 535 1838 639 1920; x_wconf 67' lang='lat' dir='ltr'><em>lenisse</em></span> <span class='ocrx_word' id='word_1_154' title='bbox 656 1838 735 1903; x_wconf 91' lang='lat' dir='ltr'><em>talia</em></span> <span class='ocrx_word' id='word_1_155' title='bbox 752 1842 782 1903; x_wconf 90' lang='lat' dir='ltr'><em>et</em></span> <span class='ocrx_word' id='word_1_156' title='bbox 797 1839 841 1903; x_wconf 90' lang='lat' dir='ltr'><em>ad</em></span> <span class='ocrx_word' id='word_1_157' title='bbox 855 1837 1133 1919; x_wconf 77' lang='lat' dir='ltr'><em>reprelendendum</em></span> 
     </span>
     <span class='ocr_line' id='line_1_20' title="bbox 124 1924 1134 2009; baseline 0.002 -21"><span class='ocrx_word' id='word_1_158' title='bbox 124 1925 279 1990; x_wconf 87' lang='lat' dir='ltr'><em>animatos</em></span> <span class='ocrx_word' id='word_1_159' title='bbox 305 1930 462 1990; x_wconf 80' lang='lat' dir='ltr'><em>constaret.</em></span> <span class='ocrx_word' id='word_1_160' title='bbox 503 1924 651 1992; x_wconf 78' lang='lat' dir='ltr'><em>Dimum</em></span> <span class='ocrx_word' id='word_1_161' title='bbox 673 1928 782 2009; x_wconf 67' lang='lat' dir='ltr'><em>initur,</em></span> <span class='ocrx_word' id='word_1_162' title='bbox 809 1931 838 1991; x_wconf 86' lang='lat' dir='ltr'><em>et</em></span> <span class='ocrx_word' id='word_1_163' title='bbox 858 1946 934 2009; x_wconf 79' lang='lat' dir='ltr'><em>quos</em></span> <span class='ocrx_word' id='word_1_164' title='bbox 955 1927 990 1991; x_wconf 90' lang='lat' dir='ltr'><em>iu</em></span> <span class='ocrx_word' id='word_1_165' title='bbox 1013 1931 1134 1991; x_wconf 88' lang='lat' dir='ltr'><em>tautum</em></span> 
     </span>
     <span class='ocr_line' id='line_1_21' title="bbox 84 2013 1134 2097; baseline 0.005 -21"><span class='ocrx_word' id='word_1_166' title='bbox 84 2013 336 2096; x_wconf 73' lang='lat' dir='ltr'><em>roplilosoplnum</em></span> <span class='ocrx_word' id='word_1_167' title='bbox 366 2014 481 2094; x_wconf 84' lang='lat' dir='ltr'><em>referat</em></span> <span class='ocrx_word' id='word_1_168' title='bbox 511 2016 669 2097; x_wconf 78' lang='lat' dir='ltr'><em>quandam</em></span> <span class='ocrx_word' id='word_1_169' title='bbox 695 2034 840 2080; x_wconf 82' lang='lat' dir='ltr'><em>sensurae</em></span> <span class='ocrx_word' id='word_1_170' title='bbox 865 2015 1031 2080; x_wconf 63' lang='lat' dir='ltr'><em>mannase</em></span> <span class='ocrx_word' id='word_1_171' title='bbox 1064 2015 1134 2080; x_wconf 89' lang='lat' dir='ltr'><em>leui·</em></span> 
     </span>
     <span class='ocr_line' id='line_1_22' title="bbox 125 2103 1135 2186; baseline 0.002 -20"><span class='ocrx_word' id='word_1_172' title='bbox 125 2106 230 2180; x_wconf 87' lang='lat' dir='ltr'><em>talem,</em></span> <span class='ocrx_word' id='word_1_173' title='bbox 258 2103 362 2184; x_wconf 71' lang='lat' dir='ltr'><em>quinae</em></span> <span class='ocrx_word' id='word_1_174' title='bbox 383 2123 488 2167; x_wconf 89' lang='lat' dir='ltr'><em>eorum</em></span> <span class='ocrx_word' id='word_1_175' title='bbox 509 2104 603 2168; x_wconf 86' lang='lat' dir='ltr'><em>etiam</em></span> <span class='ocrx_word' id='word_1_176' title='bbox 624 2104 772 2185; x_wconf 80' lang='lat' dir='ltr'><em>seriptum</em></span> <span class='ocrx_word' id='word_1_177' title='bbox 793 2103 951 2186; x_wconf 74' lang='lat' dir='ltr'><em>reliquerit</em></span> <span class='ocrx_word' id='word_1_178' title='bbox 970 2105 1135 2169; x_wconf 85' lang='lat' dir='ltr'><em>oaousatio·</em></span> 
     </span>
     <span class='ocr_line' id='line_1_23' title="bbox 124 2191 1135 2276; baseline 0.002 -22"><span class='ocrx_word' id='word_1_179' title='bbox 124 2210 208 2255; x_wconf 89' lang='lat' dir='ltr'><em>nem.</em></span> <span class='ocrx_word' id='word_1_180' title='bbox 223 2239 231 2256; x_wconf 88' lang='lat'><strong>.</strong></span> <span class='ocrx_word' id='word_1_181' title='bbox 245 2239 275 2255; x_wconf 90' lang='lat'><em>..</em></span> <span class='ocrx_word' id='word_1_182' title='bbox 313 2191 537 2273; x_wconf 73' lang='lat' dir='ltr'><em>Eudemum</em></span> <span class='ocrx_word' id='word_1_183' title='bbox 564 2196 626 2257; x_wconf 87' lang='lat' dir='ltr'><em>tota</em></span> <span class='ocrx_word' id='word_1_184' title='bbox 651 2192 745 2272; x_wconf 85' lang='lat' dir='ltr'><em>faetio</em></span> <span class='ocrx_word' id='word_1_185' title='bbox 772 2212 866 2274; x_wconf 79' lang='lat' dir='ltr'><em>aequo</em></span> <span class='ocrx_word' id='word_1_186' title='bbox 892 2212 1009 2276; x_wconf 83' lang='lat' dir='ltr'><em>semper</em></span> <span class='ocrx_word' id='word_1_187' title='bbox 1035 2212 1135 2258; x_wconf 83' lang='lat' dir='ltr'><em>errae</em></span> 
     </span>
     <span class='ocr_line' id='line_1_24' title="bbox 125 2279 1135 2363; baseline 0.003 -20"><span class='ocrx_word' id='word_1_188' title='bbox 125 2299 147 2343; x_wconf 93' lang='lat' dir='ltr'><em>a</em></span> <span class='ocrx_word' id='word_1_189' title='bbox 171 2298 241 2344; x_wconf 85' lang='lat' dir='ltr'><em>aero</em></span> <span class='ocrx_word' id='word_1_190' title='bbox 272 2279 361 2344; x_wconf 88' lang='lat' dir='ltr'><em>deuio</em></span> <span class='ocrx_word' id='word_1_191' title='bbox 391 2284 421 2344; x_wconf 91' lang='lat' dir='ltr'><em>et</em></span> <span class='ocrx_word' id='word_1_192' title='bbox 450 2280 509 2344; x_wconf 91' lang='lat' dir='ltr'><em>illa</em></span> <span class='ocrx_word' id='word_1_193' title='bbox 540 2299 656 2362; x_wconf 74' lang='lat' dir='ltr'><em>semper</em></span> <span class='ocrx_word' id='word_1_194' title='bbox 681 2281 862 2346; x_wconf 75' lang='lat' dir='ltr'><em>existimaus</em></span> <span class='ocrx_word' id='word_1_195' title='bbox 883 2281 1026 2359; x_wconf 87' lang='lat' dir='ltr'><em>ridendo,</em></span> <span class='ocrx_word' id='word_1_196' title='bbox 1057 2301 1135 2363; x_wconf 80' lang='lat' dir='ltr'><em>quae</em></span> 
     </span>
     <span class='ocr_line' id='line_1_25' title="bbox 125 2368 1136 2452; baseline 0.002 -20"><span class='ocrx_word' id='word_1_197' title='bbox 125 2369 254 2446; x_wconf 88' lang='lat' dir='ltr'><em>neseiat,</em></span> <span class='ocrx_word' id='word_1_198' title='bbox 280 2386 404 2432; x_wconf 85' lang='lat' dir='ltr'><em>suorum</em></span> <span class='ocrx_word' id='word_1_199' title='bbox 426 2368 567 2434; x_wconf 82' lang='lat' dir='ltr'><em>uolnimeu</em></span> <span class='ocrx_word' id='word_1_200' title='bbox 588 2373 618 2433; x_wconf 90' lang='lat' dir='ltr'><em>et</em></span> <span class='ocrx_word' id='word_1_201' title='bbox 637 2370 859 2452; x_wconf 62' lang='lat' dir='ltr'><em>mundissima</em></span> <span class='ocrx_word' id='word_1_202' title='bbox 880 2370 984 2435; x_wconf 90' lang='lat' dir='ltr'><em>irrisit</em></span> <span class='ocrx_word' id='word_1_203' title='bbox 1004 2374 1136 2434; x_wconf 90' lang='lat' dir='ltr'><em>naturae</em></span> 
     </span>
     <span class='ocr_line' id='line_1_26' title="bbox 9 2453 1136 2543; baseline 0.002 -23"><span class='ocrx_word' id='word_1_204' title='bbox 9 2540 10 2543; x_wconf 8' lang='grc' dir='ltr'><strong>Ἴ</strong></span> <span class='ocrx_word' id='word_1_205' title='bbox 84 2467 112 2510; x_wconf 75' lang='lat'><em>2⁶</em></span> <span class='ocrx_word' id='word_1_206' title='bbox 125 2456 215 2520; x_wconf 90' lang='lat' dir='ltr'><em>seria.</em></span> <span class='ocrx_word' id='word_1_207' title='bbox 261 2453 377 2521; x_wconf 81' lang='lat' dir='ltr'><em>Colotes</em></span> <span class='ocrx_word' id='word_1_208' title='bbox 407 2477 476 2522; x_wconf 84' lang='lat' dir='ltr'><em>nero</em></span> <span class='ocrx_word' id='word_1_209' title='bbox 507 2458 589 2521; x_wconf 88' lang='lat' dir='ltr'><em>iuter</em></span> <span class='ocrx_word' id='word_1_210' title='bbox 614 2456 749 2539; x_wconf 77' lang='lat' dir='ltr'><em>Epicuri</em></span> <span class='ocrx_word' id='word_1_211' title='bbox 775 2458 929 2523; x_wconf 76' lang='lat' dir='ltr'><em>auditores</em></span> <span class='ocrx_word' id='word_1_212' title='bbox 956 2457 1136 2540; x_wconf 77' lang='lat' dir='ltr'><em>loquacitate</em></span> 
     </span>
     <span class='ocr_line' id='line_1_27' title="bbox 124 2542 1136 2628; baseline 0.001 -19"><span class='ocrx_word' id='word_1_213' title='bbox 124 2542 290 2609; x_wconf 77' lang='lat' dir='ltr'><em>notabilior</em></span> <span class='ocrx_word' id='word_1_214' title='bbox 311 2545 405 2609; x_wconf 90' lang='lat' dir='ltr'><em>etiam</em></span> <span class='ocrx_word' id='word_1_215' title='bbox 426 2546 462 2609; x_wconf 92' lang='lat' dir='ltr'><em>in</em></span> <span class='ocrx_word' id='word_1_216' title='bbox 485 2545 598 2610; x_wconf 68' lang='lat' dir='ltr'><em>lilinum</em></span> <span class='ocrx_word' id='word_1_217' title='bbox 619 2545 745 2624; x_wconf 87' lang='lat' dir='ltr'><em>rettulit,</em></span> <span class='ocrx_word' id='word_1_218' title='bbox 766 2566 846 2628; x_wconf 78' lang='lat' dir='ltr'><em>quae</em></span> <span class='ocrx_word' id='word_1_219' title='bbox 867 2547 904 2612; x_wconf 88' lang='lat' dir='ltr'><em>de</em></span> <span class='ocrx_word' id='word_1_220' title='bbox 922 2544 977 2611; x_wconf 80' lang='lat' dir='ltr'><em>loo</em></span> <span class='ocrx_word' id='word_1_221' title='bbox 994 2547 1136 2610; x_wconf 88' lang='lat' dir='ltr'><em>amarius</em></span> 
     </span>
     <span class='ocr_line' id='line_1_28' title="bbox 125 2630 1136 2716; baseline 0.003 -20"><span class='ocrx_word' id='word_1_222' title='bbox 125 2631 287 2697; x_wconf 80' lang='lat' dir='ltr'><em>cauillatus</em></span> <span class='ocrx_word' id='word_1_223' title='bbox 307 2636 358 2697; x_wconf 86' lang='lat' dir='ltr'><em>est.</em></span> <span class='ocrx_word' id='word_1_224' title='bbox 395 2630 458 2698; x_wconf 81' lang='lat' dir='ltr'><em>Sed</em></span> <span class='ocrx_word' id='word_1_225' title='bbox 477 2638 582 2713; x_wconf 81' lang='lat' dir='ltr'><em>cetera,</em></span> <span class='ocrx_word' id='word_1_226' title='bbox 604 2653 684 2716; x_wconf 80' lang='lat' dir='ltr'><em>quae</em></span> <span class='ocrx_word' id='word_1_227' title='bbox 700 2634 821 2699; x_wconf 90' lang='lat' dir='ltr'><em>iniuria</em></span> <span class='ocrx_word' id='word_1_228' title='bbox 838 2634 963 2712; x_wconf 87' lang='lat' dir='ltr'><em>notauit,</em></span> <span class='ocrx_word' id='word_1_229' title='bbox 985 2634 1136 2716; x_wconf 60' lang='lat' dir='ltr'><em>nunidem</em></span> 
     </span>
     <span class='ocr_line' id='line_1_29' title="bbox 125 2720 1135 2804; baseline 0.002 -20"><span class='ocrx_word' id='word_1_230' title='bbox 125 2721 169 2785; x_wconf 88' lang='lat' dir='ltr'><em>ad</em></span> <span class='ocrx_word' id='word_1_231' title='bbox 192 2720 361 2799; x_wconf 89' lang='lat' dir='ltr'><em>soumimn‚</em></span> <span class='ocrx_word' id='word_1_232' title='bbox 387 2721 424 2786; x_wconf 91' lang='lat' dir='ltr'><em>de</em></span> <span class='ocrx_word' id='word_1_233' title='bbox 449 2741 508 2804; x_wconf 79' lang='lat' dir='ltr'><em>quo</em></span> <span class='ocrx_word' id='word_1_234' title='bbox 534 2720 584 2786; x_wconf 82' lang='lat' dir='ltr'><em>loia</em></span> <span class='ocrx_word' id='word_1_235' title='bbox 603 2723 742 2804; x_wconf 74' lang='lat' dir='ltr'><em>procedit</em></span> <span class='ocrx_word' id='word_1_236' title='bbox 766 2742 879 2801; x_wconf 88' lang='lat' dir='ltr'><em>sermo,</em></span> <span class='ocrx_word' id='word_1_237' title='bbox 906 2741 970 2787; x_wconf 91' lang='lat' dir='ltr'><em>uon</em></span> <span class='ocrx_word' id='word_1_238' title='bbox 996 2723 1135 2800; x_wconf 90' lang='lat' dir='ltr'><em>attinent,</em></span> 
     </span>
     <span class='ocr_line' id='line_1_30' title="bbox 125 2807 1135 2893; baseline 0 -19"><span class='ocrx_word' id='word_1_239' title='bbox 125 2807 180 2874; x_wconf 83' lang='lat' dir='ltr'><em>loe</em></span> <span class='ocrx_word' id='word_1_240' title='bbox 207 2808 270 2874; x_wconf 86' lang='lat' dir='ltr'><em>loeo</em></span> <span class='ocrx_word' id='word_1_241' title='bbox 296 2807 383 2874; x_wconf 86' lang='lat' dir='ltr'><em>nolris</em></span> <span class='ocrx_word' id='word_1_242' title='bbox 409 2810 576 2875; x_wconf 90' lang='lat' dir='ltr'><em>omittenda</em></span> <span class='ocrx_word' id='word_1_243' title='bbox 597 2814 687 2887; x_wconf 90' lang='lat' dir='ltr'><em>sunt;</em></span> <span class='ocrx_word' id='word_1_244' title='bbox 714 2810 804 2875; x_wconf 91' lang='lat' dir='ltr'><em>illam</em></span> <span class='ocrx_word' id='word_1_245' title='bbox 826 2810 1016 2875; x_wconf 81' lang='lat' dir='ltr'><em>calumniam</em></span> <span class='ocrx_word' id='word_1_246' title='bbox 1032 2809 1135 2893; x_wconf 76' lang='lat' dir='ltr'><em>perse·</em></span> 
     </span>
     <span class='ocr_line' id='line_1_31' title="bbox 86 2896 1137 2981; baseline -0.001 -17"><span class='ocrx_word' id='word_1_247' title='bbox 86 2911 266 2981; x_wconf 71' lang='lat' dir='ltr'><em>monemur,</em></span> <span class='ocrx_word' id='word_1_248' title='bbox 297 2916 376 2980; x_wconf 77' lang='lat' dir='ltr'><em>quae</em></span> <span class='ocrx_word' id='word_1_249' title='bbox 404 2898 469 2963; x_wconf 90' lang='lat' dir='ltr'><em>uisi</em></span> <span class='ocrx_word' id='word_1_250' title='bbox 498 2899 708 2981; x_wconf 77' lang='lat' dir='ltr'><em>supplodetur,</em></span> <span class='ocrx_word' id='word_1_251' title='bbox 739 2899 875 2964; x_wconf 87' lang='lat' dir='ltr'><em>mamlit</em></span> <span class='ocrx_word' id='word_1_252' title='bbox 901 2896 1041 2965; x_wconf 79' lang='lat' dir='ltr'><em>Oueroni</em></span> <span class='ocrx_word' id='word_1_253' title='bbox 1067 2918 1137 2963; x_wconf 89' lang='lat' dir='ltr'><em>oum</em></span> 
     </span>
     <span class='ocr_line' id='line_1_32' title="bbox 126 2986 1136 3070; baseline 0.001 -19"><span class='ocrx_word' id='word_1_254' title='bbox 126 2986 259 3051; x_wconf 90' lang='lat' dir='ltr'><em>Platone</em></span> <span class='ocrx_word' id='word_1_255' title='bbox 280 2986 459 3052; x_wconf 83' lang='lat' dir='ltr'><em>mmmuuis.</em></span> <span class='ocrx_word' id='word_1_256' title='bbox 494 2987 554 3051; x_wconf 84' lang='lat' dir='ltr'><em>Ait</em></span> <span class='ocrx_word' id='word_1_257' title='bbox 574 3008 595 3051; x_wconf 98' lang='lat' dir='ltr'><em>a</em></span> <span class='ocrx_word' id='word_1_258' title='bbox 611 2986 791 3070; x_wconf 72' lang='lat' dir='ltr'><em>philosoplis</em></span> <span class='ocrx_word' id='word_1_259' title='bbox 812 2986 954 3067; x_wconf 79' lang='lat' dir='ltr'><em>fabulam</em></span> <span class='ocrx_word' id='word_1_260' title='bbox 969 3006 1034 3052; x_wconf 91' lang='lat' dir='ltr'><em>nou</em></span> <span class='ocrx_word' id='word_1_261' title='bbox 1051 3005 1136 3069; x_wconf 80' lang='lat' dir='ltr'><em>opor·</em></span> 
     </span>
     <span class='ocr_line' id='line_1_33' title="bbox 127 3075 1137 3159; baseline 0.001 -20"><span class='ocrx_word' id='word_1_262' title='bbox 127 3076 219 3141; x_wconf 89' lang='lat' dir='ltr'><em>tuisse</em></span> <span class='ocrx_word' id='word_1_263' title='bbox 240 3075 382 3158; x_wconf 65' lang='lat' dir='ltr'><em>murium,</em></span> <span class='ocrx_word' id='word_1_264' title='bbox 403 3075 552 3157; x_wconf 78' lang='lat' dir='ltr'><em>quoniam</em></span> <span class='ocrx_word' id='word_1_265' title='bbox 574 3076 696 3141; x_wconf 91' lang='lat' dir='ltr'><em>nullum</em></span> <span class='ocrx_word' id='word_1_266' title='bbox 717 3076 856 3159; x_wconf 67' lang='lat' dir='ltr'><em>dementi</em></span> <span class='ocrx_word' id='word_1_267' title='bbox 874 3095 971 3159; x_wconf 73' lang='lat' dir='ltr'><em>aeuus</em></span> <span class='ocrx_word' id='word_1_268' title='bbox 987 3076 1053 3140; x_wconf 86' lang='lat' dir='ltr'><em>veri</em></span> <span class='ocrx_word' id='word_1_269' title='bbox 1063 3095 1137 3158; x_wconf 78' lang='lat' dir='ltr'><em>pro·</em></span> 
     </span>
     <span class='ocr_line' id='line_1_34' title="bbox 96 3161 1136 3246; baseline 0 -17"><span class='ocrx_word' id='word_1_270' title='bbox 96 3225 97 3229; x_wconf 73' lang='grc'>,</span> <span class='ocrx_word' id='word_1_271' title='bbox 124 3162 290 3243; x_wconf 78' lang='lat' dir='ltr'><em>sessmnlrns</em></span> <span class='ocrx_word' id='word_1_272' title='bbox 315 3164 495 3229; x_wconf 79' lang='lat' dir='ltr'><em>conueniret.</em></span> <span class='ocrx_word' id='word_1_273' title='bbox 536 3161 602 3230; x_wconf 81' lang='lat' dir='ltr'><em>Gur</em></span> <span class='ocrx_word' id='word_1_274' title='bbox 627 3165 722 3242; x_wconf 87' lang='lat' dir='ltr'><em>enim,</em></span> <span class='ocrx_word' id='word_1_275' title='bbox 750 3164 863 3246; x_wconf 77' lang='lat' dir='ltr'><em>inquit,</em></span> <span class='ocrx_word' id='word_1_276' title='bbox 889 3164 919 3230; x_wconf 89' lang='lat' dir='ltr'><em>si</em></span> <span class='ocrx_word' id='word_1_277' title='bbox 945 3184 1050 3229; x_wconf 90' lang='lat' dir='ltr'><em>rerum</em></span> <span class='ocrx_word' id='word_1_278' title='bbox 1071 3185 1136 3229; x_wconf 89' lang='lat' dir='ltr'><em>oae-</em></span> 
     </span>
     <span class='ocr_line' id='line_1_35' title="bbox 128 3251 1136 3334; baseline 0 -18"><span class='ocrx_word' id='word_1_279' title='bbox 128 3251 248 3316; x_wconf 88' lang='lat' dir='ltr'><em>lestium</em></span> <span class='ocrx_word' id='word_1_280' title='bbox 273 3253 440 3334; x_wconf 75' lang='lat' dir='ltr'><em>notionem</em></span> <span class='ocrx_word' id='word_1_281' title='bbox 466 3252 496 3318; x_wconf 89' lang='lat' dir='ltr'><em>si</em></span> <span class='ocrx_word' id='word_1_282' title='bbox 522 3252 662 3318; x_wconf 72' lang='lat' dir='ltr'><em>inolitum</em></span> <span class='ocrx_word' id='word_1_283' title='bbox 682 3271 740 3319; x_wconf 88' lang='lat' dir='ltr'><em>nos</em></span> <span class='ocrx_word' id='word_1_284' title='bbox 761 3253 941 3318; x_wconf 89' lang='lat' dir='ltr'><em>animamm</em></span> <span class='ocrx_word' id='word_1_285' title='bbox 962 3254 1066 3318; x_wconf 79' lang='lat' dir='ltr'><em>doure</em></span> <span class='ocrx_word' id='word_1_286' title='bbox 1087 3273 1136 3317; x_wconf 91' lang='lat' dir='ltr'><em>oo-</em></span> 
     </span>
     <span class='ocr_line' id='line_1_36' title="bbox 88 3339 1137 3422; baseline 0 -18"><span class='ocrx_word' id='word_1_287' title='bbox 88 3353 114 3396; x_wconf 74' lang='lat'><em>⁸⁵</em></span> <span class='ocrx_word' id='word_1_288' title='bbox 128 3339 223 3418; x_wconf 76' lang='lat' dir='ltr'><em>luisti</em></span> <span class='ocrx_word' id='word_1_289' title='bbox 244 3358 308 3408; x_wconf 89' lang='lat' dir='ltr'><em>nou</em></span> <span class='ocrx_word' id='word_1_290' title='bbox 329 3340 464 3422; x_wconf 80' lang='lat' dir='ltr'><em>simplici</em></span> <span class='ocrx_word' id='word_1_291' title='bbox 485 3345 515 3405; x_wconf 90' lang='lat' dir='ltr'><em>et</em></span> <span class='ocrx_word' id='word_1_292' title='bbox 535 3341 676 3406; x_wconf 82' lang='lat' dir='ltr'><em>absoluta</em></span> <span class='ocrx_word' id='word_1_293' title='bbox 696 3339 751 3406; x_wconf 79' lang='lat' dir='ltr'><em>ltoo</em></span> <span class='ocrx_word' id='word_1_294' title='bbox 769 3341 978 3407; x_wconf 84' lang='lat' dir='ltr'><em>insinuatione</em></span> <span class='ocrx_word' id='word_1_295' title='bbox 994 3345 1137 3406; x_wconf 84' lang='lat' dir='ltr'><em>arratum</em></span> 
     </span>
     <span class='ocr_line' id='line_1_37' title="bbox 126 3428 1138 3513; baseline 0 -20"><span class='ocrx_word' id='word_1_296' title='bbox 126 3432 182 3506; x_wconf 84' lang='lat' dir='ltr'><em>est,</em></span> <span class='ocrx_word' id='word_1_297' title='bbox 209 3428 263 3493; x_wconf 88' lang='lat' dir='ltr'><em>sed</em></span> <span class='ocrx_word' id='word_1_298' title='bbox 289 3429 428 3510; x_wconf 79' lang='lat' dir='ltr'><em>quaesita</em></span> <span class='ocrx_word' id='word_1_299' title='bbox 450 3448 585 3510; x_wconf 72' lang='lat' dir='ltr'><em>persam</em></span> <span class='ocrx_word' id='word_1_300' title='bbox 611 3448 757 3511; x_wconf 74' lang='lat' dir='ltr'><em>casusque</em></span> <span class='ocrx_word' id='word_1_301' title='bbox 777 3429 946 3513; x_wconf 66' lang='lat' dir='ltr'><em>munitate</em></span> <span class='ocrx_word' id='word_1_302' title='bbox 967 3430 1088 3494; x_wconf 85' lang='lat' dir='ltr'><em>nouitas</em></span> <span class='ocrx_word' id='word_1_303' title='bbox 1110 3434 1138 3493; x_wconf 90' lang='lat' dir='ltr'><em>et</em></span> 
     </span>
     <span class='ocr_line' id='line_1_38' title="bbox 10 3514 1141 3601; baseline 0 -19"><span class='ocrx_word' id='word_1_304' title='bbox 10 3514 11 3561; x_wconf 65' lang='lat' dir='ltr'><em>l</em></span> <span class='ocrx_word' id='word_1_305' title='bbox 126 3515 292 3599; x_wconf 71' lang='lat' dir='ltr'><em>munosita</em></span> <span class='ocrx_word' id='word_1_306' title='bbox 314 3516 453 3581; x_wconf 79' lang='lat' dir='ltr'><em>aduocati</em></span> <span class='ocrx_word' id='word_1_307' title='bbox 474 3534 584 3582; x_wconf 83' lang='lat' dir='ltr'><em>somna</em></span> <span class='ocrx_word' id='word_1_308' title='bbox 604 3517 743 3601; x_wconf 56' lang='lat' dir='ltr'><em>munuli</em></span> <span class='ocrx_word' id='word_1_309' title='bbox 763 3517 865 3601; x_wconf 69' lang='lat' dir='ltr'><em>msam</em></span> <span class='ocrx_word' id='word_1_310' title='bbox 886 3518 1059 3600; x_wconf 80' lang='lat' dir='ltr'><em>quaerendi</em></span> <span class='ocrx_word' id='word_1_311' title='bbox 1074 3517 1141 3582; x_wconf 85' lang='lat' dir='ltr'><em>ueri</em></span> 
     </span>
     <span class='ocr_line' id='line_1_39' title="bbox 181 3627 922 3674; baseline 0.007 -5"><span class='ocrx_word' id='word_1_312' title='bbox 181 3627 290 3670; x_wconf 84' lang='lat' dir='ltr'><em>o1a.1v.</em></span> <span class='ocrx_word' id='word_1_313' title='bbox 306 3630 324 3670; x_wconf 75' lang='lat' dir='ltr'><em>o.</em></span> <span class='ocrx_word' id='word_1_314' title='bbox 582 3636 584 3643; x_wconf 95' lang='lat'>·</span> <span class='ocrx_word' id='word_1_315' title='bbox 887 3627 922 3674; x_wconf 81' lang='lat'><em>24</em></span> 
     </span>
    </p>
   </div>
   <div class='ocr_carea' id='block_1_3' title="bbox 0 0 1339 3912">
    <p class='ocr_par' dir='ltr' id='par_1_3' title="bbox 0 0 1339 3912">
     <span class='ocr_line' id='line_1_40' title="bbox 0 0 1339 3912; baseline 0 0"><span class='ocrx_word' id='word_1_316' title='bbox 0 0 1339 3912; x_wconf 95' lang='lat' dir='ltr'><em> </em></span> 
     </span>
    </p>
   </div>
  </div>
 </body>
</html>
