2652 3920
175 187 241 253 232
527 186 577 242 uu
595 185 838 244 aluminosa
865 147 872 169 Χ

174 355 249 401 cum
271 335 358 400 esset
379 332 465 417 luna,
487 336 601 399 natam
624 354 695 399 esse
718 332 845 399 dicebat
867 354 926 398 nec
949 332 1017 398 eius
1040 330 1111 397 fata
1132 354 1184 398 ca·
1231 362 1238 403 1
1299 364 1301 415 1,

120 433 157 485 so
174 439 252 488 nere
279 421 459 488 dubitabat
500 420 528 486 0
555 421 622 486 rim
648 442 834 486 maxumam
862 420 994 487 erroris!
1030 419 1183 486 Etiamne
1300 416 1301 447 ¹

174 509 266 575 urbis
287 509 409 576 natalis
432 509 500 574 dies
523 509 565 575 ad
586 510 654 575 vim
677 509 847 576 stellarum
870 512 905 574 et
926 508 1024 574 lunae
1043 509 1184 594 pcrtine-
1301 542 1302 545 ¹

174 599 255 666 bat?
289 596 356 665 Fac
384 598 419 663 in
444 619 546 684 puero
572 596 708 683 referre,
737 619 777 663 ex
804 619 869 682 qua
896 596 1078 663 adfectione
1100 597 1183 663 caeli
1302 590 1303 613 ¹

174 687 316 774 primum
343 686 496 773 spiritum
523 685 663 771 duxerit3
689 706 768 751 num
795 684 858 753 hoc
884 684 920 751 in
942 685 1045 751 latere
1068 686 1184 751 autin
1211 705 1225 748 s

174 777 356 860 caemcnto,
384 796 423 840 ex
451 773 567 859 quibus
589 773 668 839 urbs
691 774 806 840 effecta
828 778 892 857 est,
918 773 1028 860 potuit
1049 773 1182 840 valere?

92 913 95 919 -
175 860 239 931 Sed
261 863 339 949 quid
359 862 477 950 plura?
500 862 617 929 cotidie
636 861 838 927 refelluntur.
873 860 978 938 Quam
996 862 1102 928 multa
1119 883 1182 949 ego

174 951 345 1038 Pompeio,
366 972 465 1036 quam
487 950 593 1016 multa
614 948 747 1034 Crasso,
775 972 872 1035 quam
894 952 999 1016 multa
1021 951 1096 1017 huic
1118 951 1184 1037 ipsi

175 1038 308 1108 Caesari
339 1061 360 1105 a
387 1035 560 1105 Chaldaeis
591 1038 678 1105 dicta
704 1037 850 1123 memini,
880 1039 1043 1105 neminem
1070 1060 1183 1106 eorum

172 1129 238 1196 nisi
273 1130 452 1212 senectute,
488 1127 553 1192 nisi
588 1126 689 1212 domi,
727 1127 793 1192 nisi
823 1149 898 1193 cum
929 1127 1079 1194 claritate
1111 1149 1182 1194 esse
1197 1149 1224 1190 rc

174 1216 382 1283 moriturum!
401 1220 440 1282 ut
457 1214 539 1281 mihi
555 1215 733 1303 permirum
751 1215 899 1282 videatur
917 1230 1118 1302 quemquam*
1131 1238 1183 1282 ex·

175 1310 277 1388 stare,
306 1304 362 1390 qui
391 1304 491 1370 ctiam
517 1326 602 1369 nunc
628 1305 739 1370 credat
764 1304 819 1388 iis,
849 1325 987 1390 quorum
1015 1304 1183 1391 praedicte

174 1393 293 1461 cotidie
314 1392 425 1459 videat
445 1414 481 1459 re
503 1396 537 1458 et
559 1392 683 1458 eventis
706 1391 821 1458 refelli.

120 1452 175 1580 ‘¹¹30
241 1481 381 1547 Restant
398 1480 461 1548 duo
480 1480 647 1546 divinandi
664 1502 793 1568 genera,
812 1503 895 1566 quae
910 1481 1032 1547 habere
1046 1480 1183 1548 dicimur

175 1593 196 1637 a
217 1574 349 1655 natura,
376 1591 443 1636 uon
465 1570 508 1636 ab
530 1573 615 1653 arte,
641 1569 840 1636 vaticinandi
863 1574 896 1635 et
919 1569 1115 1653 somniandi3
1142 1570 1181 1636 dc
1196 1589 1223 1632 rs

42 1679 49 1691 ⁴
175 1659 305 1745 quibus,
327 1656 459 1742 Quinte,
481 1658 628 1743 inquam,
651 1658 680 1722 si
705 1658 826 1744 placet,
849 1657 1054 1725 disseramus.
1099 1657 1182 1723 Mihi

174 1769 266 1833 vero,
288 1746 404 1834 inquit,
426 1748 547 1833 placet3
570 1746 622 1812 his
645 1746 740 1831 eninr,
763 1768 846 1831 quac
869 1746 974 1812 adhuc
997 1745 1182 1832 disputasti,

174 1857 308 1922 prorsus
330 1835 508 1919 adsentior,
530 1839 578 1920 et,
600 1856 675 1900 vere
697 1838 735 1901 ut
756 1835 882 1920 loquar,
904 1857 1101 1920 quamquem
1124 1839 1183 1900 tua

173 1946 227 1992 me
249 1923 355 1990 oratio
378 1923 591 2007 confirmavit,
613 1927 723 1989 tamen
741 1923 840 1989 etiam
859 1945 932 1989 mea
949 1927 1066 2010 sponte
1083 1922 1181 1988 nimis

174 2012 436 2098 superstitiosam
468 2011 507 2076 de
538 2010 736 2077 divinatione
768 2009 951 2078 Stoicorum
983 2012 1178 2078 sententiam
1195 2031 1222 2072 so

173 2100 370 2184 iudicabam
392 2099 472 2165 haec
495 2121 547 2165 me
564 2097 854 2184 Peripateticorum
876 2100 962 2166 ratio
985 2099 1092 2187 magis
1115 2121 1181 2165 mo-

173 2188 272 2254 vebat
298 2192 332 2253 et
357 2188 477 2253 veteris
499 2186 690 2253 Dicaearchi
717 2193 751 2254 et
777 2189 860 2273 eius,
887 2188 944 2274 qui
970 2209 1056 2254 nunc
1077 2188 1181 2272 floret,

174 2275 332 2361 Cratippi,
355 2274 411 2361 qui
433 2279 565 2342 censent
587 2297 657 2341 esse
679 2276 714 2341 in
732 2276 893 2342 mentibus
912 2276 1081 2342 hominurn
1099 2279 1181 2342 tanr-

174 2385 272 2449 quam
295 2365 440 2431 oraclum
462 2363 604 2451 aliquod,
626 2385 665 2430 ex
688 2387 752 2449 quo
769 2364 881 2431 futura
899 2364 1130 2451 praesentiant,
1152 2364 1181 2430 si
1290 2432 1296 2446 ,

173 2457 232 2518 aut
252 2452 363 2519 furore
385 2452 494 2520 divino
516 2453 670 2518 incitatus
693 2453 819 2518 animus
843 2456 901 2519 aut
923 2475 1038 2519 somno
1055 2454 1179 2519 relaxa·
1193 2470 1220 2515 ss

173 2544 227 2607 tus
250 2542 357 2608 solute
379 2543 549 2607 moveatur
572 2563 609 2607 ac
627 2542 736 2607 libere.
772 2540 835 2607 His
854 2542 893 2607 de
911 2542 1084 2629 generibus
1103 2541 1181 2629 quid
1277 2556 1280 2567 ’

173 2630 295 2733 sentias
321 2633 357 2697 et
379 2629 495 2716 quibus
518 2629 759 2697 curationibus
782 2630 940 2715 infirmes,
968 2630 1079 2696 audire
1102 2652 1180 2696 sane

119 2719 330 2904 ffiffllguae
357 2829 430 2873 cum
452 2807 509 2871 ille
532 2806 679 2891 dixisset,
708 2810 778 2872 tum
802 2828 863 2960 ppo
886 2829 998 2873 rursus
1022 2807 1116 2892 quasi
1137 2807 1180 2874 ab

174 2895 240 2961 alio
258 2895 417 2981 principio
431 2916 504 2960 sum
518 2916 651 2960 exorsus
665 2895 783 2961 dicere:
839 2917 883 2961 on
895 2896 1020 2981 ignoro,
1038 2897 1180 2980 inquam,
1193 2914 1220 2956 ac

173 2983 301 3066 Quinte,
323 2987 357 3048 te
379 3004 508 3068 semper
530 2982 578 3049 ita
598 2984 745 3069 sensisse,
767 2988 805 3049 ut
822 2985 862 3050 de
880 2985 997 3050 ceteris
1015 2983 1181 3050 divinandi

173 3071 347 3159 generibus
370 3070 546 3156 dubitares,
568 3071 633 3136 ista
655 3072 727 3156 duo,
748 3071 869 3138 furoris
891 3076 926 3139 et
947 3072 1075 3157 somnii,
1098 3094 1181 3159 quae

173 3183 193 3226 a
210 3158 315 3226 libera
331 3162 439 3225 mente
458 3160 557 3224 fluere
574 3159 769 3244 viderentur,
786 3162 951 3246 probares.
986 3160 1103 3227 Dicam
1121 3160 1180 3247 igi·

171 3252 239 3333 tur,
267 3247 305 3312 de
327 3247 401 3313 istis
424 3247 505 3333 ipsis
529 3247 653 3314 duobus
676 3248 848 3335 generibus
870 3248 952 3314 mihi
974 3249 1053 3334 quid
1075 3249 1180 3314 videa

171 3340 239 3420 tur,
262 3334 291 3400 si
312 3336 417 3421 prius,
440 3338 474 3400 et
497 3333 678 3401 Stoicorum
700 3336 864 3403 conclusio
887 3336 1024 3403 rationis
1047 3340 1082 3403 et
1104 3336 1220 3404 cra-u

170 3422 256 3509 tippi
290 3422 396 3490 nostri
432 3421 510 3509 quid
546 3424 670 3508 valeat,
706 3424 826 3489 videro.
875 3424 997 3490 Dixisti
1028 3426 1114 3491 enim
1147 3429 1180 3492 et

171 3508 390 3599 Chrysippum
421 3514 456 3576 et
482 3508 660 3596 Diogenem
690 3516 724 3578 ct
749 3513 963 3597 Antipatrum
990 3514 1180 3580 concludere
