2652 3908
209 139 270 201 124
515 136 565 191 DE
583 137 735 192 NATURA
753 136 909 193 DEORUM

205 285 263 349 aut
289 282 329 348 de
352 281 459 349 Codro
488 282 637 347 dubitare
664 303 837 366 possumus
860 286 917 348 aut
940 283 979 348 de
1002 285 1132 368 ceteris,
1160 286 1216 371 qui

205 376 389 458 pugnantes
417 393 477 459 pro
504 372 631 456 patriae
658 371 810 436 libertate
838 372 1044 439 cecideruut?
1078 374 1215 458 quodsi

204 460 375 544 probabile
405 481 471 526 non
503 463 568 543 est,
599 480 641 523 ne
673 458 733 525 illa
759 459 889 544 quidem
918 461 1100 546 superiora,
1133 463 1216 526 unde

153 563 186 611 ao
206 549 285 614 haee
308 551 453 633 manant,
476 546 646 633 probanda
667 551 753 612 sunt.
799 547 908 633 Atque
931 548 965 613 in
987 550 1151 635 plerisque
1174 552 1215 616 ei-

205 637 364 702 vitatibus
382 635 532 723 intellegi
549 639 660 721 potest
678 636 845 723 augendae
864 636 996 702 virtutis
1011 640 1128 724 gratia,
1152 657 1243 722 quos

205 726 361 791 libentius
383 725 430 791 rei
452 724 602 810 publicae
625 746 724 790 eausa
746 725 925 810 perieulum
949 726 1054 791 adiret
1072 728 1215 812 optimus

206 814 358 898 quisque,
385 813 530 879 virorum
558 811 695 878 fortium
722 813 913 880 memoriam
935 814 1058 880 honore
1082 816 1212 881 deorum

205 902 441 968 immortalium
464 904 694 968 consecratam.
737 901 786 967 Ob
810 923 882 967 eam
906 901 992 967 enim
1015 903 1121 988 ipsam
1145 926 1215 969 cau·

206 1013 276 1056 sam
299 990 501 1056 Erechtheus
520 989 659 1054 Athenis
682 989 833 1075 filiaeque
851 992 920 1056 eius
938 992 973 1055 in
990 1013 1124 1075 numero
1144 993 1214 1057 deo·

205 1101 278 1144 rum
301 1082 390 1164 sunt3
412 1079 555 1163 itemque
573 1078 597 1162 †
615 1077 825 1144 Leonaticum
848 1084 899 1145 est
922 1080 1092 1145 delubrum
1115 1081 1258 1145 Athe-10

204 1168 265 1252 nis,
289 1168 375 1251 quod
392 1166 571 1234 Leoeorion
588 1166 784 1232 nominatur.
821 1166 1066 1233 Alabandenses
1086 1169 1215 1253 quidem

205 1257 350 1322 sanetius
373 1255 580 1321 Alabandum
602 1256 727 1338 colunt,
757 1278 777 1320 a
800 1278 864 1340 quo
887 1260 938 1321 est
960 1257 1038 1322 urbs
1061 1257 1122 1322 illa
1144 1280 1215 1323 con·

204 1344 287 1429 dita,
315 1366 413 1429 quam
441 1366 637 1429 quemquam
664 1344 823 1410 nobilium
847 1344 993 1428 deorum3
1025 1346 1111 1431 apud
1134 1368 1215 1431 quos

204 1454 271 1499 non
297 1433 455 1498 inurbane
478 1430 694 1514 Stratonicus,
724 1436 762 1497 ut
788 1434 907 1517 multa,
935 1455 1007 1498 cum
1031 1434 1162 1517 quidam
1186 1436 1214 1499 ei

206 1522 362 1588 molestus
376 1520 585 1586 Alabandum
604 1521 699 1585 deum
718 1542 788 1586 esse
803 1523 1018 1606 confirmaret,
1041 1522 1213 1588 Herculem
1230 1540 1257 1579 ¹⁵

152 1613 354 1725 20negaret:
383 1608 506 1696 ‘Erg0',
528 1609 648 1694 inquit,
672 1609 763 1674 ‘mihi
786 1609 986 1694 Alabandus,
1009 1611 1071 1676 tibi
1094 1611 1214 1678 Hercu·

152 1738 184 1786 51
207 1700 254 1763 les
283 1694 328 1764 sit
354 1697 489 1763 iratusl'
534 1698 599 1764 Illa
621 1701 744 1781 autem,
771 1697 888 1783 Balbe,
916 1721 998 1783 quae
1021 1704 1059 1781 tu
1082 1723 1101 1764 a
1124 1701 1213 1765 eaelo

206 1786 367 1870 astrisque
398 1786 550 1871 ducebas,
581 1808 679 1871 quam
706 1788 804 1874 longe
832 1793 978 1871 serpant,
1007 1810 1072 1853 non
1103 1790 1213 1853 vides?

206 1873 314 1941 Solem
342 1875 437 1939 deum
464 1896 535 1940 esse
558 1874 760 1959 Lunamque,
788 1897 926 1960 quorum
951 1877 1091 1941 alterum
1115 1877 1214 1962 Apol·

205 1965 304 2029 linem
327 1962 457 2046 Graeci,
480 1964 617 2028 alteram
640 1962 781 2029 Dianam
803 1968 930 2049 putant.
976 1963 1098 2040 Quodsi
1121 1965 1213 2030 Luna
1228 1984 1257 2024 20

205 2054 265 2118 dea
294 2056 358 2137 est,
389 2073 467 2138 ergo
498 2051 597 2117 etiam
620 2051 749 2118 Lucifer
778 2057 966 2137 ceteraeque
990 2059 1135 2118 errantes
1158 2077 1213 2119 nu·

205 2161 331 2206 merum
363 2140 496 2207 deorum
528 2141 736 2225 obtinebunt,
767 2140 869 2227 igitur
897 2141 997 2206 etiam
1023 2142 1212 2207 inerrantes.

205 2227 272 2296 Gur
299 2233 408 2294 autem
431 2228 536 2314 Arqui
559 2229 682 2315 species
705 2229 828 2295 nonin
852 2229 985 2295 deorum
1007 2251 1142 2296 numero
1165 2253 1212 2295 re·

204 2318 367 2405 ponatur?
395 2321 445 2382 est
468 2318 553 2383 enim
577 2317 725 2403 pulcher3
753 2322 786 2383 et
809 2318 851 2383 ob
875 2340 946 2383 eam
970 2340 1113 2402 eausam,
1137 2320 1213 2403 quia

205 2406 344 2492 speciem
372 2406 493 2471 habeat
520 2406 758 2491 admirabilem,
782 2404 985 2472 Thaumante
1008 2406 1125 2472 dieitur
1147 2408 1214 2473 Iris
1228 2426 1257 2465 ‘2⁵

205 2516 276 2560 esse
307 2499 393 2560 nata.
439 2493 539 2561 Cuius
572 2495 600 2560 si
633 2494 742 2559 divina
768 2500 887 2561 natura
913 2499 976 2579 est,
1009 2496 1087 2581 quid
1113 2496 1212 2562 facies

204 2583 367 2650 nubibus?
413 2583 518 2650 Areus
546 2583 632 2648 enim
659 2583 729 2668 ipse
756 2605 774 2649 e
802 2584 942 2651 nubibus
970 2583 1110 2650 efficitur
1137 2606 1213 2670 quo·

205 2672 279 2737 dam
311 2671 408 2738 modo
440 2672 609 2755 eoloratis3
642 2693 778 2755 quarum
810 2694 876 2737 una
906 2671 1005 2736 etiam
1032 2671 1213 2739 Centauros

203 2760 368 2846 peperisse
400 2759 526 2826 dieitur.
571 2759 693 2836 Quodsi
724 2761 827 2826 nubes
860 2761 1027 2826 rettuleris
1060 2762 1094 2826 in
1128 2762 1213 2845 deos,

203 2848 390 2914 referendae
418 2852 505 2914 certe
532 2853 627 2913 erunt
654 2853 880 2934 tempestates,
910 2871 991 2934 quae
1014 2850 1127 2935 populi
1150 2848 1212 2914 Ro·
1227 2867 1257 2905 ³⁰

204 2938 293 3002 mani
320 2937 438 3002 ritibus
465 2940 672 3003 consecratae
696 2941 780 3002 sunt.
824 2934 914 3024 Ergo
938 2938 1072 3022 imbres,
1100 2938 1213 3020 nimbi,

203 3025 375 3112 procellae,
397 3025 544 3090 turbines
568 3025 620 3090 dei
641 3025 786 3111 putandi.
825 3025 941 3092 Nostri
965 3026 1093 3110 quidem
1117 3025 1212 3091 duces

204 3136 294 3180 mare
329 3114 548 3200 ingredientes
584 3113 743 3180 inmolare
778 3114 921 3181 hostiam
957 3115 1108 3180 fluetibus
1141 3136 1212 3180 eon·
1320 3154 1324 3165 ⁴

151 3214 184 3264 aa
205 3206 347 3267 suerunt.
392 3201 463 3267 Iam
486 3202 515 3268 si
538 3207 589 3268 est
611 3200 708 3268 Ceres
732 3225 751 3267 a
775 3204 915 3289 gerendo
939 3200 1001 3289 (ita
1023 3203 1109 3269 enim
1132 3202 1212 3268 diee-

204 3286 288 3376 bas),
311 3293 401 3355 terra
422 3289 495 3376 ipsa
517 3291 577 3357 dea
600 3295 650 3355 est
669 3295 702 3356 et
720 3291 768 3356 ita
786 3292 938 3375 habetur,
961 3313 1044 3377 quae
1062 3295 1113 3357 est
1126 3292 1212 3356 enim
1227 3306 1255 3349 ³⁵

205 3377 272 3442 alia
293 3376 428 3444 Tellus?
461 3375 519 3444 Sin
541 3383 638 3463 terra,
665 3401 754 3445 mare
778 3379 886 3463 etiam,
909 3401 1005 3463 quem
1023 3378 1213 3467 Neptunum

203 3486 274 3530 esse
307 3464 450 3550 dicebas3
482 3487 560 3554 ergo
590 3471 624 3532 et
653 3465 788 3532 flumina
816 3471 849 3532 et
874 3467 991 3532 fontes.
1036 3466 1152 3554 Itaque
1180 3474 1213 3533 et
