2652 3920
363 203 431 258 ΜΒ.
451 204 473 262 L
497 203 572 259 (ΙΑΡ4
591 209 705 259 aa-ao.
724 210 740 269 a
758 208 872 258 sa-or.
1064 202 1128 267 169

115 353 373 433 saturataque
395 347 583 414 bonarum
600 348 888 434 cogitationum
907 346 1046 432 epulis,
1069 368 1129 413 ea-

115 459 187 524 que
219 442 332 524 parte
364 437 497 521 animi,
528 457 624 521 quae
656 437 861 522 voluptate
894 436 1028 520 alitur,
1059 457 1128 502 nec

114 527 249 612 inopia
276 528 411 591 enecta
436 546 505 590 nee
532 525 720 590 satietate
743 524 931 590 affluenti
953 521 1129 610 (quorum

114 619 318 699 utrumque
354 613 649 700 praestringere
685 613 806 679 aciem
840 611 981 678 mentis
1013 613 1128 696 solet,

83 704 197 770 taire
226 702 334 768 deest
360 706 525 767 naturae
553 702 751 787 quippiam
773 702 856 767 sive
879 699 1050 767 abundat
1073 704 1129 765 at·

116 813 187 877 qua
215 787 384 877 affluit),
411 791 485 856 illa
511 791 628 855 etiam
654 790 777 855 tertia
797 793 909 876 parte
932 790 1064 874 animi,
1089 788 1130 853 in

117 902 190 967 qua
225 880 371 944 irarum
407 878 546 944 existit
581 878 708 963 ardor,
749 878 885 944 sedata
920 880 1037 962 atque
1072 898 1130 942 re·

116 970 277 1053 stincta,
306 972 386 1034 tum
413 967 566 1033 eveniet
593 967 741 1033 duabus
765 966 883 1031 animi
905 965 1129 1033 temerariis

116 1056 299 1144 partibus
321 1056 570 1141 compressis,
592 1060 635 1121 ut
656 1056 728 1121 illa
749 1054 872 1121 tertia
893 1076 985 1140 pars
1005 1054 1130 1120 ratio-

76 1166 104 1208 io
116 1147 177 1211 nis
207 1147 244 1210 et
274 1144 415 1210 mentis
445 1145 598 1210 eluceat
628 1146 667 1209 et
696 1164 735 1209 se
762 1147 940 1230 vegetam
964 1142 1011 1208 ad
1033 1164 1130 1208 som·

116 1233 299 1298 niandum
323 1253 524 1317 aeremque
539 1233 743 1317 praebeat,
766 1235 845 1298 tum
871 1232 906 1297 ei
923 1231 1008 1296 visa
1026 1231 1131 1315 quie-

118 1322 171 1388 tis
199 1325 404 1388 oecurrent
431 1321 650 1406 tranquilla
675 1325 792 1407 atque
818 1319 994 1386 veracia?
1039 1318 1130 1386 Haec

117 1410 219 1476 rerba
239 1411 314 1496 ipsa
335 1409 485 1475 Platonis
508 1409 660 1494 expressi.

184 1498 363 1584 Epicurum
390 1498 494 1585 igitur
521 1497 687 1563 audiemus
710 1497 843 1583 potius?
879 1495 1031 1582 Namque
1054 1478 1185 1604 car-{2

77 1608 104 1650 is
117 1589 236 1653 neades
272 1585 523 1653 concertationis
555 1587 665 1652 studio
692 1586 788 1652 modo
815 1585 893 1671 hoc,
924 1586 1021 1651 modo
1048 1585 1131 1650 illud

119 1677 180 1761 ait3
202 1676 267 1759 ille,
291 1676 378 1759 quod
400 1675 514 1759 sentit3
537 1675 639 1742 sentit
661 1678 771 1740 autem
792 1674 877 1739 nihil
896 1684 1051 1758 umquam
1069 1674 1132 1739 ele·

119 1785 215 1851 gans,
245 1763 329 1829 nihil
358 1764 517 1830 decorum.
562 1762 658 1829 Hunc
685 1783 764 1850 ergo
792 1767 970 1848 antepones
998 1761 1131 1827 Platoni

120 1855 154 1918 et
167 1850 316 1918 Socrati?
340 1851 396 1937 qui
413 1855 452 1917 ut
469 1852 631 1917 rationem
648 1873 716 1918 non
732 1851 912 1936 redderent,
935 1848 1131 1917 auctoritate

119 1945 232 2007 tamen
253 1941 314 2006 hos
337 1941 482 2019 minutos
505 1939 576 2026 pm]
578 1940 720 2037 esophos
743 1940 918 2005 vincerent.
954 1938 1050 2022 Iubet
1072 1939 1132 2026 igi·

77 2050 106 2093 so
118 2034 173 2095 tur
190 2029 287 2095 Plato
306 2028 353 2095 sic
430 2050 581 2095 somnum
598 2051 658 2115 pro
683 2028 760 2094 cisei
777 2029 968 2115 corporibus
987 2008 1133 2113 adiectis,

119 2122 157 2183 ut
178 2117 262 2183 nihil
285 2116 342 2203 sit,
373 2117 460 2202 quod
482 2139 625 2183 errorem
648 2117 765 2182 animis
788 2117 1132 2202 perturbationemque

118 2205 268 2297 adferat..
298 2206 349 2272 Ex
379 2227 443 2290 quo
474 2206 573 2271 etiam
599 2203 811 2293 Pythagoriis
840 2206 1049 2272 interdictum
1075 2229 1133 2291 pu·

118 2299 221 2381 tatur,
253 2317 294 2360 ne
325 2294 405 2360 faba
435 2297 656 2379 vescerentur,
688 2294 775 2380 quod
804 2294 904 2360 habet
930 2293 1133 2360 inflationem

118 2406 274 2471 magnam
296 2382 326 2449 is
348 2383 439 2450 cibus
462 2383 698 2467 tranquillitati
720 2383 840 2448 mentis
864 2383 1033 2468 quaerenti
1055 2404 1133 2447 vera

77 2491 105 2534 sc
118 2472 327 2539 contrariam.
372 2469 455 2539 Cum
483 2493 561 2557 ergo
589 2476 641 2537 est
667 2493 781 2538 somno
810 2476 981 2538 sevocatus
1004 2471 1132 2536 animus
1151 2485 1186 2536 oa

119 2583 141 2627 a
170 2561 325 2626 societate
354 2564 389 2625 et
418 2582 438 2624 a
467 2560 661 2646 contagione
690 2560 849 2645 corporis,
883 2563 955 2625 tum
984 2560 1133 2625 meminit

119 2648 380 2735 praeteritorum,
402 2649 588 2733 praesentia
604 2651 717 2733 cernit,
733 2649 846 2713 futura
863 2644 1027 2734 providet,
1049 2648 1135 2714 iacet

120 2737 207 2803 enim
239 2757 356 2822 corpus
388 2737 578 2802 dormientis
609 2740 648 2802 ut
678 2737 813 2821 mortui,
845 2737 936 2824 viget
964 2740 1074 2802 autem
1100 2740 1134 2801 et

119 2824 203 2891 vivit
234 2825 371 2890 animus.
416 2823 510 2900 Quod
539 2826 643 2890 multo
678 2825 784 2912 magis
812 2825 913 2891 faciet
943 2828 1020 2911 post
1050 2847 1134 2890 mor-

78 2933 105 2974 so
119 2919 201 2998 tem,
231 2934 305 2978 cum
332 2913 464 2978 omnino
491 2935 626 2998 corpore
655 2913 835 2979 excesserit.
880 2913 996 2998 Itaque
1020 2913 1134 2999 adpro·

119 3002 299 3088 pinquante
320 3004 428 3066 morte
446 3001 551 3067 multo
570 3005 621 3067 est
638 3001 786 3067 divinior.
817 3002 850 3067 N
852 3024 905 3067 am
923 3004 957 3068 et
974 3001 1009 3067 id
1026 3002 1134 3087 ipsum

119 3090 244 3175 vident,
275 3089 332 3175 qui
363 3092 440 3154 sunt
472 3090 587 3156 morbo
617 3090 711 3177 gravi
742 3093 775 3155 et
805 3090 975 3157 mortifero
1006 3090 1135 3176 adfecti,

119 3179 243 3245 instare
268 3181 422 3263 mortem3
448 3178 559 3262 ltaque
581 3178 623 3244 iis
646 3181 820 3245 occurrunt
841 3179 1034 3265 plerumque
1056 3180 1135 3245 ima-

121 3268 212 3355 gines
236 3271 449 3352 mortuorum,
475 3271 610 3352 tumque
632 3268 685 3334 rel
708 3289 858 3333 maxuma
881 3268 971 3334 laudi
992 3269 1135 3353 student,

79 3371 106 3415 ⁸⁵
121 3377 248 3442 eosque,
277 3355 334 3441 qni
355 3376 462 3440 secus,
486 3378 585 3442 quam
607 3355 723 3441 decuit,
745 3356 905 3441 vixerunt,
927 3360 1135 3442 peecatorum

45 3460 51 3472 ·
119 3462 254 3510 suorum
281 3448 351 3511 tum
380 3467 530 3511 maxume
557 3445 712 3530 paenitet.
756 3442 912 3511 Divinare
935 3448 1045 3510 autem
1067 3466 1135 3509 mo·
1153 3457 1188 3506 ce

120 3532 241 3598 rientes
262 3533 322 3600 illo
346 3534 446 3600 etiam
469 3535 618 3619 exemplo
632 3533 806 3600 confirmat
822 3532 1025 3617 Posidonius,
1049 3531 1135 3616 quod
