2654 3912
173 226 240 290 420
564 225 614 279 DE
632 223 787 281 LEGIBUS

175 371 301 436 animos
323 374 453 436 teneros
477 375 574 457 atque
598 372 714 437 molles
737 372 870 437 influere
891 394 989 457 quam
1007 372 1116 438 varios
1134 393 1188 437 ca·

173 459 271 524 nendi
294 481 400 545 sonoS,
424 482 562 545 quorum
585 459 648 527 dici
670 460 724 526 vix
746 463 857 545 potest
880 465 1003 546 quanta
1021 461 1065 527 sit
1082 461 1132 526 vis
1152 461 1189 526 in
1309 456 1310 465 ’

173 551 345 633 utramque
377 553 519 634 partem3
550 571 689 634 namque
722 553 755 614 et
787 549 903 614 incitat
930 549 1124 636 languentes
1154 553 1189 614 et

173 635 374 723 languefacit
392 638 550 703 excitatos
570 641 603 702 et
620 641 691 703 tum
710 639 850 703 remittit
869 639 1004 721 animos,
1023 641 1094 702 tum
1113 660 1188 703 con·
1226 686 1232 697 .

173 726 285 809 trahit,
304 726 537 812 civitatumque
556 726 618 791 hoo
632 726 810 791 multarum
828 727 864 792 in
878 725 1014 792 Graecia
1027 725 1188 809 interfuit,
1204 746 1221 788 s
1309 764 1310 779 κ

174 814 342 899 antiquom
372 837 489 880 vocum
518 837 709 881 conservare
738 815 883 900 modum3
914 838 1051 901 quarum
1078 837 1188 880 mores
1309 820 1310 835 ³

173 902 259 988 lapsi
280 903 321 967 ad
339 903 497 969 mollitias
515 903 639 989 pariter
662 907 739 969 sunt
760 904 916 970 inmutati
934 926 1008 969 oum
1026 904 1188 988 cantibus,
1309 906 1310 925 ¹

174 995 231 1056 aut
252 991 315 1056 hac
339 992 505 1057 dulcedine
528 993 778 1077 corruptelaque
797 992 976 1078 depravati,
998 996 1035 1057 ut
1054 993 1188 1078 quidam

172 1083 299 1164 putant,
323 1084 389 1165 aut,
413 1102 512 1165 quom
535 1083 690 1147 severitas
714 1102 826 1146 eorum
849 1082 890 1146 ob
915 1081 981 1147 alia
1003 1081 1086 1148 vitia
1108 1082 1188 1147 oeci·

173 1168 287 1252 disset,
315 1172 386 1234 tum
412 1169 477 1234 fuit
503 1170 539 1234 in
565 1170 698 1236 auribus
721 1169 902 1254 animisque
925 1170 1061 1235 mutatis
1085 1171 1187 1236 etiam
1204 1190 1234 1230 ιο

120 1268 153 1316 aa
172 1257 248 1322 huic
267 1257 441 1323 mutationi
459 1258 559 1324 locus.
587 1257 691 1335 Quam
706 1259 747 1324 ob
762 1281 832 1324 rem
845 1259 902 1323 ille
917 1259 1047 1344 quidem
1061 1259 1188 1344 sapien·

172 1345 320 1411 tissimus
339 1344 494 1414 Graeciae
514 1348 565 1413 vir
583 1348 744 1434 longeque
762 1347 970 1413 doctissimus
988 1347 1083 1413 valde
1101 1348 1188 1414 hanc

172 1435 282 1500 labem
299 1439 443 1521 veretur3
463 1439 565 1523 negat
578 1436 665 1501 enim
684 1436 806 1501 mutari
822 1458 919 1522 posse
937 1436 1078 1501 musicas
1094 1436 1186 1524 leges

173 1524 243 1589 sine
257 1525 438 1589 mutatione
452 1526 564 1611 legum
581 1524 796 1610 publicarum.
822 1524 896 1611 Ego
915 1527 1026 1590 autem
1043 1528 1188 1590 nectam

172 1612 268 1678 valde
282 1613 315 1677 id
329 1613 508 1679 timendum
521 1636 581 1680 nee
595 1614 692 1699 plane
707 1613 977 1680 contemnendum
991 1617 1085 1699 put03
1102 1613 1187 1679 illud
1205 1633 1233 1675 ro

97 1690 112 1753 i
174 1702 303 1786 quidem
325 1703 419 1781 uideo,
443 1724 525 1787 quae
549 1702 699 1768 solebant
723 1702 886 1786 quondam
906 1702 1052 1787 conpleri
1070 1702 1188 1768 severi-

172 1794 242 1856 tate
266 1791 406 1857 iucunda
423 1790 569 1857 Liuianis
588 1795 621 1856 et
638 1789 816 1857 Naevianis
835 1790 950 1875 modis,
975 1813 1060 1856 nunc
1078 1795 1115 1856 ut
1134 1814 1186 1857 ea·

174 1880 246 1945 dem
261 1880 407 1946 exultent
420 1884 453 1945 et
466 1880 605 1947 cervices
615 1879 790 1965 oculosque
799 1879 922 1965 pariter
932 1901 1005 1944 cum
1014 1879 1187 1946 modorum

172 1969 366 2034 flexionibus
394 1972 577 2055 torqueant.
623 1966 775 2037 Graviter
803 1968 882 2033 olim
908 1968 974 2033 ista
999 1968 1187 2035 vindicabat

173 2062 267 2123 vetus
290 2058 350 2123 illa
368 2056 505 2124 Graecia
527 2058 624 2145 longe
648 2057 831 2144 providens,
854 2078 952 2140 quam
975 2058 1096 2122 sensim
1114 2080 1186 2143 per·
1201 2077 1231 2118 ao

172 2145 273 2211 nicies
290 2146 420 2232 inlapsa
438 2149 473 2211 ia
491 2146 610 2212 civium
629 2146 755 2211 animos
773 2145 870 2210 malis
890 2145 1006 2212 studiis
1025 2146 1186 2232 malisque

174 2234 329 2300 doctrinis
362 2238 495 2320 repente
522 2238 611 2299 totas
639 2234 789 2299 civitates
820 2237 993 2317 everteret,
1026 2234 1186 2320 siquidem

172 2322 233 2388 illa
251 2344 363 2388 severa
376 2322 575 2389 Lacedaemo
594 2344 711 2387 nervos
729 2322 835 2406 iussit,
858 2344 939 2407 quos
958 2323 1067 2408 plures
1087 2346 1186 2408 quam

144 2415 299 2530 6septem
321 2411 467 2496 haberet,
489 2411 524 2476 in
546 2409 711 2477 Timothei
733 2411 851 2477 fidibus
873 2411 982 2478 incidi

121 2471 155 2594 ΞΟ
239 2499 400 2586 Deinceps
423 2500 458 2564 in
476 2499 547 2586 lege
567 2505 626 2585 est,
648 2503 686 2565 ut
704 2500 743 2565 de
762 2500 880 2565 ritibus
898 2500 1016 2585 patriis
1034 2501 1186 2567 colantur
1200 2521 1228 2562 as

174 2593 321 2675 optuma3
345 2590 383 2654 de
407 2611 470 2674 quo
495 2610 593 2674 quom
616 2589 823 2655 consulerent
845 2588 1062 2654 Athenienses
1085 2590 1186 2676 Apol-

117 2750 119 2754 ¹
173 2677 273 2744 linem
295 2677 465 2764 Pythium,
495 2700 575 2763 quas
597 2677 806 2764 potissimum
828 2677 1004 2764 religiones
1027 2682 1185 2764 tenerent,

174 2768 319 2833 oraclum
352 2767 474 2832 editum
507 2771 569 2831 est:
603 2766 696 2851 ‘eas,
728 2789 824 2852 quae
857 2771 989 2832 essent
1014 2766 1054 2832 in
1081 2790 1184 2833 more

174 2854 381 2923 maiorum?
428 2854 497 2932 Quo
522 2877 621 2941 quom
639 2855 758 2921 iterum
776 2855 942 2920 venissent
960 2856 1185 2941 maiorumque

173 2967 297 3010 morem
326 2944 484 3010 dixissent
509 2966 606 3030 saepe
630 2966 700 3009 esse
723 2946 886 3008 mutatum
910 2943 1184 3030 quaesissentque,
1199 2963 1227 3002 ³⁰

174 3056 269 3119 quem
288 3055 412 3099 morem
430 3032 638 3119 potissimum
658 3036 869 3118 sequerentur
887 3054 905 3097 e
923 3033 1033 3117 variis,
1052 3055 1186 3118 respon·

173 3123 234 3188 dit:
265 3121 500 3207 ‘optumum'
545 3121 590 3186 Et
617 3121 764 3207 profecto
787 3121 836 3186 ita
859 3125 923 3205 est,
950 3124 988 3186 ut
1009 3120 1044 3186 id
1065 3121 1185 3187 haben·

173 3212 250 3277 dum
280 3210 324 3275 sit
354 3211 617 3296 antiquissimum
647 3214 680 3275 et
708 3210 767 3277 deo
795 3209 993 3294 proximum,
1025 3210 1111 3294 quod
1141 3211 1185 3275 sit

173 3306 353 3386 optumum.

240 3386 364 3473 Stipem
389 3387 579 3453 sustulimus
602 3388 666 3453 nisi
690 3411 771 3473 eam,
794 3410 892 3473 quam
916 3386 956 3452 ad
977 3409 1097 3473 paucos
1117 3387 1184 3452 dies
1198 3404 1225 3446 a

172 3477 339 3562 propriam
354 3475 471 3541 Idaeae
484 3475 602 3541 Matris
622 3478 819 3562 excepimus3
836 3476 954 3561 implet
970 3476 1056 3540 enim
1076 3497 1185 3561 super·

173 3565 306 3631 stitione
330 3565 456 3629 animos
480 3569 513 3629 et
536 3563 686 3630 exhaurit
710 3565 833 3630 domus.
