2654 3924
384 244 452 302 ΜΒ.
470 244 492 302 1.
512 243 588 301 cAP.
608 249 721 302 re-ra
741 250 757 310 e
775 250 888 300 40-44.
1074 244 1141 310 291

133 413 206 457 cum
233 411 332 476 penes
358 412 459 456 unum
486 392 538 454 est
565 388 710 455 omnium
733 407 1004 473 enumeratum,
1031 411 1143 475 regem

132 479 228 545 illum
248 478 253 564 l
272 500 373 544 unum
395 498 548 544 vocamus
568 480 602 543 et
619 497 757 563 regnum
775 476 844 542 eius
862 477 910 542 rei
927 476 1032 563 publi·
1052 480 1091 560 [p.
1108 493 1142 545 95

133 589 190 634 cae
213 570 345 633 statum.
385 565 468 634 Cum
491 570 601 632 autern
623 569 674 631 est
695 587 794 652 penes
818 565 969 649 delectos,
991 570 1062 631 turn
1084 567 1144 633 illa

134 656 250 723 civitas
277 655 487 741 optimatium
514 654 652 720 arbitrio
678 654 750 741 regi
778 653 904 721 dicitur.
948 654 1012 721 Illa
1034 659 1143 720 autem

107 748 186 809 sest
212 744 327 811 civitas
354 743 522 830 popularis
550 739 610 828 (sic
633 742 718 807 enirn
743 739 940 830 appellant),
966 743 1001 809 in
1024 765 1088 828 qua
1110 744 1144 808 in

134 832 256 919 populo
293 835 371 897 sunt
402 832 519 897 omnia.
565 832 675 916 Atque
707 830 824 897 horum
855 832 956 896 trium
988 853 1144 919 generum

136 922 280 1006 quodvis,
303 921 332 986 si
354 924 465 987 teneat
486 919 569 985 illud
590 919 743 1004 vinclum,
768 919 855 1005 quod
876 920 1019 1005 primunr
1040 920 1144 985 horni-

134 1032 192 1076 nes
214 1010 301 1075 inter
323 1031 359 1074 se
381 1009 428 1075 rei
450 1008 600 1094 publicae
623 997 778 1074 societate
802 1008 958 1094 devinxit,
987 1031 1053 1075 non
1074 1029 1145 1094 per·

134 1097 256 1165 fectum
287 1097 369 1164 illud
399 1096 529 1182 quidem
555 1118 659 1182 neque
689 1118 762 1163 mea
791 1098 954 1163 sententia
984 1097 1145 1183 optimum

96 1205 122 1247 ro
135 1192 191 1272 eat,
219 1186 275 1252 sed
301 1186 473 1253 tolerabile
497 1187 503 1270 1
529 1189 654 1270 tamen,
681 1188 720 1250 ut
747 1185 836 1251 aliud
859 1186 924 1252 alio
946 1207 1021 1272 pos·
1050 1187 1090 1267 [p.
1110 1200 1145 1251 so

135 1276 180 1342 ait
202 1296 273 1342 esse
291 1274 521 1361 praestantius.
554 1272 641 1339 Nam
664 1272 717 1338 vel
740 1296 796 1340 rex
819 1295 941 1359 aequus
959 1296 998 1340 ac
1015 1274 1145 1359 sapiens

135 1364 188 1431 vel
211 1364 328 1430 delecti
351 1385 389 1430 ac
411 1362 574 1449 principes
597 1362 683 1428 ciues
704 1361 757 1428 vel
774 1363 845 1447 ipse
863 1362 1013 1448 populus,
1036 1383 1146 1447 quarn·

136 1475 234 1538 quam
262 1452 296 1518 id
319 1455 369 1517 est
392 1451 524 1517 minime
546 1451 763 1537 probandum,
793 1454 905 1516 tamen
925 1451 1026 1516 nullis
1048 1452 1147 1516 inter·

135 1541 228 1608 iactis
250 1540 480 1625 iniquitatibus
503 1543 561 1605 aut
578 1539 811 1624 cupiditatibus
829 1560 926 1624 posse
943 1539 1071 1604 videtur
1089 1539 1147 1604 ali·

99 1647 123 1690 u
137 1652 201 1714 quo
224 1650 295 1694 esse
317 1651 384 1695 non
405 1630 528 1694 incerto
552 1631 651 1693 statu.
1156 1683 1198 1747 27

204 1715 267 1783 Sed
294 1720 328 1782 et
354 1717 389 1781 in
415 1716 525 1803 regnis
547 1716 646 1781 nimis
669 1719 817 1801 expertes
842 1719 919 1781 sunt
940 1715 1040 1782 ceteri
1062 1737 1146 1782 com·
1164 1761 1200 1811 4³

138 1808 245 1872 munis
276 1805 356 1872 iuris
389 1808 422 1871 et
449 1805 589 1889 consilii,
621 1808 655 1870 et
680 1804 716 1869 in
743 1804 952 1890 optimatium
979 1803 1147 1870 dominatu

137 1897 192 1962 vix
214 1894 377 1982 particeps
401 1893 565 1959 libertatis
583 1896 694 1979 potest
712 1914 782 1959 esse
801 1891 807 1976 Ι
827 1893 1011 1978 multitudo,
1034 1895 1074 1975 [p.
1096 1907 1146 1959 105

137 2006 211 2051 cum
240 1983 330 2049 omni
355 1982 492 2049 consilio
520 1982 683 2048 communi
710 2003 748 2047 ac
774 1984 938 2068 potestate
961 1984 1084 2064 careat,
1112 1984 1147 2047 et

98 2090 212 2139 eccum
245 2071 356 2138 omnia
388 2093 447 2156 per
472 2071 629 2157 populum
657 2074 814 2156 geruntio
845 2069 993 2155 quamvis
1024 2069 1147 2135 iustum

138 2166 237 2247 atque
259 2160 470 2243 moderatum,
493 2163 605 2225 tamen
626 2158 700 2244 ipsa
723 2159 939 2242 aequabilitas
959 2161 1009 2224 est
1026 2156 1147 2244 iniqua,

138 2272 211 2317 cum
233 2249 335 2315 habet
356 2248 465 2314 nullos
489 2246 609 2335 gradu
632 2246 812 2334 dignitatis.
853 2246 969 2332 Itaque
991 2246 1020 2313 si
1041 2245 1147 2332 Cyrus

137 2339 195 2404 ille
216 2337 332 2404 Perses
354 2336 554 2403 iustissimus
575 2334 640 2401 fuit
663 2335 990 2421 sapientissimusque
1012 2357 1078 2421 rex,
1100 2340 1148 2401 ta·

139 2449 214 2493 men
236 2426 317 2492 mihi
339 2425 454 2512 populi
475 2447 528 2490 res
552 2421 604 2510 (aa
627 2425 713 2489 enim
737 2428 796 2508 est,
818 2428 857 2489 ut
879 2424 944 2488 dixi
966 2428 1070 2509 antea,
1092 2447 1148 2509 pu·

100 2514 240 2601 ablica)
263 2536 330 2581 non
352 2514 492 2579 maxime
516 2513 695 2597 expetenda
716 2512 817 2579 fuisse
839 2512 899 2577 illa
915 2512 1053 2596 videtur,
1075 2534 1148 2578 eum

139 2607 306 2689 regeretur
323 2602 419 2667 umus
436 2606 519 2667 nutu
537 2623 575 2666 ac
594 2601 600 2685 Ι
619 2601 730 2685 m0d03
752 2601 782 2666 si
793 2599 1023 2685 Massilienses,
1042 2601 1083 2681 [p.
1098 2616 1149 2664 roo

139 2691 245 2757 nostri
266 2689 410 2774 clientes,
432 2711 491 2775 per
512 2689 654 2755 delectos
678 2691 712 2753 et
733 2689 895 2775 principes
918 2689 1003 2755 cives
1023 2710 1150 2754 summa

140 2778 267 2844 iustitia
289 2781 455 2865 reguntur,
478 2778 565 2849 inest
587 2780 698 2843 tamen
719 2777 755 2841 in
775 2799 814 2843 ea
831 2777 1017 2844 condicione
1034 2776 1149 2863 populi

141 2866 320 2933 similitudo
345 2865 502 2950 quaedam
525 2865 707 2950 servitutis3
729 2866 759 2931 si
780 2865 996 2931 Athenienses
1019 2865 1150 2950 quibus·

102 2972 128 3014 ω
141 2955 217 3022 darn
245 2955 447 3041 temporibus
476 2954 606 3020 sublato
634 2955 808 3041 Areopago
835 2954 918 3019 nihil
944 2953 1010 3018 nisi
1036 2953 1151 3040 populi

142 3044 232 3111 scitis
260 3065 297 3109 ao
324 3042 461 3108 decretis
489 3043 645 3129 agebant,
673 3043 826 3126 quonium
853 3041 1023 3108 distinctos
1047 3041 1150 3128 digni·

140 3133 222 3199 tatis
241 3131 360 3219 gradus
377 3152 445 3197 non
462 3131 637 3216 habebant,
654 3153 721 3196 non
738 3131 872 3197 tenebat
888 3135 1041 3197 ornatum
1055 3152 1150 3196 suum

141 3221 265 3288 civitas.
1089 3246 1091 3255 ι

208 3310 316 3395 Atque
343 3307 406 3375 hoe
432 3308 550 3394 loquor
577 3308 616 3373 de
642 3307 748 3374 tribus
771 3308 823 3373 his
846 3307 1018 3394 generibus
1041 3257 1202 3384 rerumll

103 3398 345 3484 &publicarum
367 3419 434 3464 non
456 3398 597 3462 turbatis
621 3400 718 3480 atque
741 3394 933 3483 permixltis,
956 3395 1013 3461 sed
1037 3397 1078 3476 [p.
1097 3409 1150 3460 aas

143 3508 238 3553 suum
266 3491 389 3553 statum
417 3486 611 3551 tenentibus.
652 3483 741 3561 Quae
768 3507 887 3571 genera
909 3485 1051 3570 primurn
1074 3494 1151 3549 sunt

143 3576 178 3641 in
204 3576 245 3641 iis
272 3574 402 3662 singula
429 3574 533 3659 vitiis,
565 3595 646 3661 quae
674 3577 749 3639 ante
777 3573 855 3659 dixi,
887 3572 1000 3638 deinde
1027 3571 1150 3637 habent

880 3675 934 3731 19¹·
