2652 3920
185 213 250 280 240
530 212 580 267 DE
598 210 842 267 DIVINATIONE

185 362 283 443 atque
314 357 403 424 victu
434 357 597 443 proficisci
628 357 670 423 ad
702 356 926 422 dormiendum
956 355 1083 438 iubent3
1116 353 1195 420 laba

185 447 314 531 quidem
341 445 542 533 Pythagorei
573 446 686 530 utique
718 445 895 528 abstinere,
928 444 1022 528 quasi
1050 464 1127 508 vero
1156 465 1194 508 eo

184 535 256 601 cibo
280 556 380 619 mens,
402 556 468 600 non
490 538 605 599 venter
626 534 766 598 infletur.
802 531 865 598 Sed
887 533 996 599 nescio
1015 553 1079 617 quo
1098 531 1194 596 modo

183 623 266 689 nihil
295 627 363 688 tam
392 623 530 689 absurde
559 623 622 689 dici
648 625 772 707 potest,
802 621 889 706 quod
914 643 981 687 non
1004 620 1129 686 dicatur
1152 620 1194 685 ab

134 727 184 776 120
198 712 309 796 aliquo
337 711 616 796 philosophorum.
661 710 781 776 Utrum
808 710 911 797 igitur
934 730 1101 776 censemus
1124 708 1195 774 dor·
1223 727 1237 768 s

183 800 354 866 mientium
377 800 503 866 animos
526 821 585 885 per
607 820 682 867 sene
700 799 790 884 ipsos
807 798 843 862 in
861 796 1053 865 somniando
1071 797 1196 862 moveri

184 911 236 973 an,
253 891 292 953 ut
304 888 511 954 Democritus
530 892 648 971 censet,
666 891 801 953 externa
819 890 852 952 et
870 885 1053 953 adventicia
1070 884 1196 951 visione

183 977 331 1063 pulsari?
363 974 438 1042 Sive
461 976 548 1041 enim
571 977 617 1042 sic
639 981 691 1041 est
708 976 776 1041 sive
794 975 854 1040 illo
872 975 980 1059 modo,
1001 974 1105 1040 videri
1122 994 1196 1059 pos·

185 1069 262 1130 sunt
283 1064 448 1149 permulta
471 1065 708 1131 somniantibus
731 1064 817 1129 falsa
838 1084 898 1148 pro
921 1063 1016 1129 veris.
1051 1060 1139 1127 Nam
1162 1065 1197 1127 et

184 1153 416 1240 navigantibus
439 1153 564 1219 moveri
585 1153 737 1219 videntur
759 1174 811 1236 ea,
835 1172 917 1236 quae
939 1155 1039 1235 stant,
1062 1155 1096 1216 et
1119 1172 1237 1235 quo-10

185 1243 260 1307 dam
289 1243 408 1308 obtutu
435 1243 604 1307 oculorum
631 1242 695 1307 duo
718 1263 778 1326 pro
802 1262 867 1306 uno
890 1241 1041 1306 lucernae
1063 1239 1197 1304 lumina

185 1330 269 1407 Quid
301 1330 419 1413 dicam,
450 1330 587 1414 insanis,
619 1330 697 1414 quid
726 1329 825 1395 ebriis
855 1351 953 1414 quam
979 1328 1085 1393 multa
1111 1326 1198 1393 falsa

184 1419 377 1484 videantur?
410 1416 531 1495 Quodsi
549 1419 618 1484 eius
637 1418 726 1484 modi
744 1418 822 1483 visis
841 1417 1034 1483 credendum
1051 1419 1197 1500 nonest,
1319 1490 1320 1493 Ἴ

185 1530 242 1574 our
270 1506 405 1573 somniis
428 1507 591 1591 credatur,
616 1507 735 1574 nescio.
780 1505 867 1571 Nam
890 1508 960 1571 tam
982 1505 1060 1572 licet
1082 1504 1121 1569 de
1144 1504 1197 1569 his

186 1596 359 1679 erroribus,
382 1595 411 1661 si
432 1596 524 1681 velis,
547 1618 644 1681 quam
668 1595 707 1661 de
731 1594 866 1660 somniis
890 1593 1065 1680 disputare,
1088 1596 1126 1658 ut
1149 1614 1196 1678 ea,
1212 1613 1237 1653 15

112 1760 115 1765 ⁴
187 1707 269 1769 quae
293 1688 396 1768 stant,
418 1685 448 1751 si
468 1685 591 1751 moveri
613 1683 798 1768 videantur,
820 1687 927 1748 terrae
950 1685 1075 1747 motum
1098 1681 1197 1768 signi·
1232 1761 1233 1764 Ἴ

186 1775 283 1839 ficare
310 1773 399 1838 dicas
427 1778 485 1839 aut
513 1773 717 1859 repentinam
745 1772 889 1856 aliquam
911 1771 1039 1858 fugam,
1066 1771 1197 1856 gemino

133 1865 296 1986 59autem
326 1862 476 1933 lucernae
503 1862 625 1964 lumino
653 1860 811 1962 declarari
834 1860 1073 2012 dissensionem)
1089 1881 1128 1961 ac
1151 1880 1197 1925 se·

135 1951 541 2104 adllffillssdll
562 1949 1023 2123 ,lutumst
1034 1968 1197 2120 251thss
1210 2056 1237 2096 20

186 2131 262 2192 tura
288 2126 473 2191 videantur.
488 2176 496 2191 .
511 2176 541 2191 ..
582 2125 661 2202 Quis
689 2130 740 2191 est
766 2125 866 2209 enim,
894 2126 960 2212 qui¹
976 2128 1084 2190 totum
1111 2124 1197 2189 diem

186 2215 332 2281 iaculans
353 2236 420 2279 non
443 2214 618 2299 aliquando
641 2214 818 2281 conliniet?
854 2213 956 2280 Totas
977 2216 1089 2279 noctes
1113 2234 1197 2279 som·

186 2303 328 2387 niumm,
354 2324 458 2386 neque
481 2303 549 2368 ulla
572 2302 725 2387 estsere,
754 2324 818 2387 qua
839 2323 906 2367 non
928 2302 1140 2386 dormiamus,
1163 2306 1197 2367 et

187 2393 344 2458 miramur
371 2391 546 2475 aliquando
573 2392 632 2476 id,
651 2392 737 2477 quod
765 2389 1007 2474 somniarimus,
1038 2390 1196 2457 evadere?

188 2479 272 2556 Quid
299 2483 349 2544 est
371 2483 440 2545 tum
463 2480 623 2546 incertum
647 2502 745 2564 quam
767 2479 909 2546 talorum
932 2479 1058 2544 iactus?
1085 2483 1197 2545 tamen
1210 2497 1237 2538 25

186 2590 282 2634 nemo
298 2572 357 2652 est,
371 2568 450 2652 quin
464 2590 559 2654 saepe
572 2569 697 2634 iactans
710 2566 887 2633 Venerium
900 2567 1000 2634 iaciat
1013 2567 1197 2652 aliquando,

186 2680 252 2723 non
274 2678 452 2741 numquam
475 2657 575 2722 etiam
597 2658 715 2723 iterum
739 2678 776 2721 ac
799 2656 941 2721 tertium.
976 2654 1066 2720 Num
1085 2656 1196 2743 igitur,

187 2749 225 2811 ut
242 2745 355 2831 inepti
377 2743 514 2811 Veneris
533 2746 566 2809 id
584 2746 715 2831 inpulsu
733 2745 804 2809 fieri
822 2745 984 2809 malumus
1004 2767 1101 2829 quam
1120 2767 1197 2810 casu

187 2834 315 2901 dicere?
347 2831 469 2910 Quodsi
492 2835 607 2899 ceteris
629 2833 831 2919 temporibus
853 2833 947 2898 falsis
969 2833 1048 2898 visis
1070 2833 1197 2899 creden-

189 2922 265 2991 dum
290 2945 359 2989 non
385 2926 448 3007 est,
475 2944 541 2987 non
563 2923 671 3006 video,
698 2922 776 3007 quid
798 2921 963 3007 praecipui
985 2943 1118 2987 somnus
1141 2922 1196 2988 ha·
1209 2939 1237 2980 ³⁰

137 3025 187 3073 122
202 3012 289 3096 beat,
309 3010 344 3076 in
367 3032 431 3095 quo
454 3012 586 3084 ualeant
607 3011 693 3076 salsa
715 3033 775 3096 pro
797 3010 892 3075 veris.
929 3008 1050 3086 Quodsi
1071 3010 1121 3075 ita
1141 3033 1197 3075 ua-

188 3103 263 3164 tura
289 3103 441 3184 paratum
469 3104 568 3183 esset,
595 3103 633 3164 ut
659 3121 698 3164 ea
721 3098 917 3164 dormientes
939 3102 1086 3185 agerent,
1114 3121 1197 3184 quaa

189 3186 398 3271 somniarent,
416 3188 574 3273 alligandi
593 3209 704 3253 omnes
723 3191 840 3270 essent,
858 3186 914 3271 qui
932 3186 1078 3253 cubitum
1095 3186 1196 3271 irent,

189 3275 328 3340 maiores
354 3275 439 3339 enim
463 3298 561 3360 quam
584 3276 644 3340 ulli
666 3276 773 3340 insani
796 3275 960 3340 efficerent
982 3281 1090 3341 motus
1113 3298 1196 3342 som·

188 3362 326 3427 uiantes.
358 3361 480 3438 Quodsi
498 3364 686 3429 insanorum
703 3364 782 3429 visis
801 3364 880 3429 fides
894 3386 961 3429 non
974 3367 1025 3428 est
1038 3364 1196 3449 habenda,
1209 3381 1237 3422 ³5

190 3450 266 3534 quia
287 3449 374 3515 falsa
396 3456 481 3534 sunt,
504 3474 560 3517 cur
582 3452 731 3517 credatur
754 3452 986 3517 somniantium
1004 3452 1091 3536 visis,
1114 3474 1196 3537 quae

189 3538 293 3602 multo
327 3537 426 3602 etiam
457 3539 700 3623 perturbatiora
731 3543 821 3622 sunt,
851 3562 919 3604 non
951 3541 1122 3626 intellego,
1153 3564 1196 3606 an
