2652 3908
173 218 218 282 46
486 216 535 270 DE
554 216 707 291 NATURA
725 216 881 271 DEORUM

173 359 204 414 in
220 360 275 414 hac
294 375 391 413 sensus
410 375 521 428 quoque
536 360 567 413 et
578 357 716 413 rationem
729 357 821 413 inesse
834 373 948 412 necesse
963 373 1033 426 esse,
1051 358 1082 411 et
1094 355 1191 410 multo

174 429 287 500 quidem
314 429 434 483 acriores
457 430 697 498 atquomaiores3
726 446 759 483 ex
782 444 837 498 quo
856 427 987 483 concludi
1026 443 1088 482 osse
1106 444 1191 480 mun-

173 501 241 555 dum
268 516 329 555 esse
353 500 442 554 deum.
479 500 549 554 Esse
571 501 717 570 praeterea
739 499 911 553 animantem
933 446 1081 564 mundum,
1109 496 1193 566 quod

172 573 252 626 motu
271 571 386 638 cieatur,
405 569 453 640 qui
471 570 518 624 vol
530 570 648 625 Platone
666 571 781 625 auctore
798 571 910 624 tantum
928 569 959 623 in
976 569 1084 623 animos
1102 567 1193 622 cadat

174 646 246 712 (cap.
265 648 353 699 9-12
371 648 387 709 ξ
405 645 530 710 23-32).
566 642 665 695 Altera
691 641 764 696 ratio
787 639 913 696 cateias
935 639 1026 694 modi:
1054 640 1086 692 In
1108 638 1193 693 omni

173 730 266 767 rorum
284 711 463 768 institutione
482 728 544 766 esse
558 712 666 781 aliquid
680 713 834 766 extremum
848 712 932 780 atque
945 710 1111 780 perfectum,
1129 709 1194 764 nisi

174 800 246 853 quae
265 783 308 838 vis
327 782 456 838 obsistat.
489 783 521 836 ln
540 783 616 836 omni
629 781 717 852 igitur
730 785 831 836 natura
843 781 890 836 vel
903 781 1033 837 universo
1048 797 1082 834 ac
1094 779 1194 835 multo

174 854 261 909 etiam
277 854 369 924 magis
387 869 501 908 necesse
521 869 581 908 esse
600 852 711 908 absolvi
724 852 833 922 aliquid
846 868 879 906 ac
891 851 997 922 perfici,
1016 850 1091 921 quod
1103 850 1193 919 nihil,

173 929 206 980 ut
224 924 254 978 in
272 923 373 979 ceteris
390 923 513 991 naturis,
531 923 668 979 obsistere
686 923 785 994 possit
822 922 897 993 Ergo
916 940 979 977 cum
997 921 1027 976 in
1044 922 1093 988 iis,
1113 937 1192 991 quae

173 996 327 1065 gignantur
353 1011 388 1049 ex
410 1005 497 1062 terra,
525 995 597 1048 nihil
620 995 659 1050 sit
681 994 738 1049 nisi
755 994 886 1061 nutritio,
913 992 1021 1048 bestiae
1039 994 1193 1063 praeterea

174 1083 286 1120 sensum
306 1067 335 1120 et
352 1067 460 1119 motum
473 1065 597 1120 habeant
610 1067 640 1120 et
653 1063 819 1135 appetitum,
837 1063 945 1120 homini
958 1063 1085 1117 additam
1098 1063 1191 1118 etiam

173 1136 312 1191 rationem
326 1152 395 1202 esse,
414 1152 470 1204 qua
483 1136 626 1207 appetitus
640 1138 781 1206 regantur.
810 1135 851 1189 Ex
865 1151 920 1205 quo
935 1134 1010 1189 effici
1023 1151 1084 1189 essc
1097 1133 1192 1188 etiam

174 1208 304 1275 quartum
322 1209 353 1261 et
369 1205 539 1262 altissimum
557 1206 673 1277 gradum
693 1223 797 1274 eorum,
816 1206 865 1274 qui
879 1207 981 1260 natura
992 1205 1061 1261 boni
1075 1205 1190 1275 sapien·

173 1280 273 1345 tesque
296 1277 462 1348 gignantur,
485 1277 516 1331 in
538 1277 639 1347 quibus
661 1277 697 1331 ab
720 1277 803 1332 initio
822 1276 892 1330 insit
908 1278 987 1331 recta
1005 1277 1035 1331 et
1053 1277 1191 1332 constans

173 1347 254 1415 ratio,
274 1364 345 1418 quac
364 1348 417 1403 deo
437 1347 587 1403 tribuenda
600 1347 646 1415 sit,
665 1347 696 1401 id
710 1350 754 1403 est
766 1348 879 1403 mundo.
908 1346 1015 1403 Eodem
1028 1346 1086 1402 fore
1099 1346 1192 1402 modo

174 1418 249 1473 effici
267 1436 328 1474 ease
346 1418 377 1472 in
394 1418 498 1474 mundo
518 1435 653 1473 summam
672 1419 805 1473 virtutem
823 1421 853 1474 et
871 1417 1039 1488 sapientiam
1069 1434 1130 1487 cap.
1150 1425 1192 1473 12

174 1492 263 1560 -14).
302 1489 357 1546 Sed
378 1488 477 1544 mundi
500 1489 649 1544 divinitate
672 1492 820 1560 perspecta
842 1489 925 1544 astris
948 1488 1035 1543 etiam
1074 1487 1193 1543 'vinita-

173 1562 232 1615 tem
255 1576 316 1615 osae
339 1560 525 1615 tribuendam.
563 1559 648 1630 (ligni
666 1559 740 1615 enim
758 1561 815 1615 ista
832 1577 866 1615 ex
883 1559 1070 1615 mobilissima
1088 1561 1117 1614 et
1133 1576 1193 1630 pu-

172 1631 285 1686 rissima
302 1631 424 1686 aetheris
463 1634 523 1686 arte
540 1631 620 1686 nulla
638 1630 695 1685 alia
713 1631 838 1685 admixta
854 1632 969 1697 natura,
987 1632 1103 1699 totaque
1122 1646 1193 1685 esse

173 1702 267 1756 calida
284 1703 315 1756 et
330 1649 484 1772 perlucida.
515 1702 675 1757 Absurdum
688 1704 783 1756 autem
796 1718 866 1769 esse,
885 1701 968 1756 sires
982 1718 1016 1756 ex
1029 1705 1092 1756 aire
1106 1703 1193 1756 ortae

173 1772 312 1827 rationem
333 1773 483 1839 haberent,
507 1788 578 1842 quae
601 1773 631 1825 in
654 1773 744 1828 multo
762 1773 874 1843 puriore
893 1772 1008 1827 aethere
1025 1774 1192 1840 nascantur,

173 1860 258 1898 sensu
276 1860 324 1898 eas
341 1845 392 1897 aut
409 1843 517 1898 ratione
535 1858 641 1911 carere,
661 1860 729 1912 quaa
748 1843 789 1898 ibi
806 1844 897 1899 multo
915 1842 1037 1898 acriores
1056 1859 1118 1898 esse
1136 1843 1191 1898 de·

173 1914 248 1983 bere,
266 1913 351 1982 idque
370 1914 417 1968 vel
436 1912 532 1969 ordine
552 1928 647 1969 eorum
661 1916 690 1968 et
704 1915 864 1969 constantia
876 1915 1010 1983 motuque
1023 1913 1190 1968 voluntario

174 1985 311 2039 declarari
336 1987 407 2054 (cap.
429 1991 461 2039 15
476 2001 517 2053 sq.
541 1988 698 2053 §oa-43).
740 1985 796 2040 Sed
818 1985 937 2040 maxime
962 1986 1100 2039 astrorum
1123 2000 1189 2039 sen·

174 2073 235 2110 sum
254 2057 283 2110 et
300 2054 525 2123 intellegentiam
543 2054 775 2124 divinitatemque
794 2054 931 2111 declarari
948 2055 1072 2109 mirabili
1086 2055 1188 2110 ordine

174 2143 270 2182 eorum
288 2127 319 2180 et
336 2125 507 2194 constantia,
530 2142 710 2196 quae-neque
729 2129 857 2180 naturam
874 2125 1028 2196 significet,
1052 2127 1128 2196 quod
1146 2126 1190 2181 sit

173 2198 258 2269 plena
275 2195 402 2263 rationis,
420 2213 512 2266 neque
529 2196 678 2267 fortunam,
697 2214 768 2266 quae
787 2197 974 2252 constantiam
992 2200 1114 2267 respuat.
1150 2197 1189 2252 In

174 2284 229 2337 quo
248 2265 367 2321 ridicule
385 2283 476 2322 errare
495 2267 566 2323 dicit
583 2267 746 2338 Epicurum,
767 2268 816 2337 qui
833 2268 984 2322 humanam
1001 2269 1121 2337 figuram
1138 2268 1188 2322 dis

173 2337 312 2393 attribuat
328 2339 468 2408 negetque
486 2338 638 2393 rotundum
656 2341 686 2393 et
703 2338 856 2394 volubilem
870 2339 953 2393 deum
967 2355 1000 2393 co
1023 2339 1087 2393 'tari
1100 2355 1188 2410 posse

174 2412 539 2480 (cap.16-23§43-60).
577 2409 631 2464 Sed
649 2409 753 2465 multas
770 2409 842 2464 alias
860 2412 974 2464 naturas
1013 2426 1109 2465 eorum
1126 2427 1188 2464 ma-

174 2479 237 2550 gnis
265 2494 361 2534 eorum
384 2480 528 2536 beneficiis
552 2480 720 2536 constitutas
742 2497 812 2536 esse.
853 2480 926 2535 Nam
947 2480 1082 2551 primum,
1108 2481 1188 2551 quod

174 2551 248 2605 sita
266 2550 319 2605 deo
338 2553 448 2621 natum,
466 2551 497 2606 id
515 2551 627 2607 nomine
645 2551 735 2622 ipsius
754 2551 800 2606 dei
816 2551 984 2622 nuncupari,
1004 2551 1105 2607 deinde
1123 2571 1187 2608 rom

173 2621 277 2692 ipsam,
304 2621 335 2676 in
358 2638 413 2691 qua
436 2621 474 2678 sit
495 2622 647 2677 vis‘maior
669 2622 776 2691 aliqua,
802 2622 844 2676 sic
862 2621 1013 2694 appellari,
1037 2623 1186 2680 beneficiis

173 2708 256 2763 porro
280 2694 448 2749 excellentes
472 2693 548 2749 viros
572 2693 603 2746 in
625 2693 734 2747 caelum
751 2693 827 2747 fama
844 2695 875 2748 et
891 2693 1038 2749 voluntate
1056 2694 1186 2750 sublatos

175 2779 244 2830 esse,
264 2763 383 2833 denique
402 2781 437 2820 ex
453 2764 572 2835 physica
587 2763 695 2819 ratione
709 2764 813 2820 multos
827 2763 939 2820 fluxisse
952 2766 1101 2834 pottarum
1115 2766 1186 2822 deos

175 2838 245 2904 (cap.
265 2841 370 2891 23-29
388 2841 403 2902 ς
419 2838 545 2904 60-75).
581 2834 633 2889 His
652 2835 759 2890 duabus
776 2836 859 2890 rebus
878 2835 1047 2904 constitutis,
1067 2838 1098 2890 et
1115 2837 1186 2893 deos

174 2922 244 2973 esse,
262 2907 293 2961 et
309 2906 401 2975 qualis
420 2922 516 2961 eorum
533 2906 635 2960 natura
652 2906 698 2974 sit,
717 2906 844 2976 sequitur
862 2905 1016 2976 disputatio
1035 2906 1070 2961 de
1088 2908 1186 2978 prori-

175 2975 272 3030 dentia
298 2975 421 3032 deorum.
463 2975 505 3030 Ea
531 2975 621 3030 tribus
648 2977 821 3047 argumentis
849 2977 1022 3047 astringitur.
1058 2977 1185 3034 Primum

174 3046 210 3100 ab
228 3063 262 3102 eo
280 3047 352 3172 idm’
370 3046 446 3115 quod
464 3047 494 3101 di
512 3046 582 3115 sint,
602 3046 713 3101 ducitur
730 3052 801 3118 (cap.
821 3054 864 3117 30,
882 3055 915 3104 31
935 3055 950 3115 ξ
970 3053 1094 3118 76-80),
1113 3050 1185 3106 alto·

173 3136 235 3172 rum
253 3118 282 3172 in
304 3135 332 3185 e,
350 3118 427 3200 guod
445 3135 541 3201 omnes
559 3134 603 3172 rea
622 3118 765 3173 subiectae
783 3117 841 3173 sint
857 3121 974 3201 natiuae
993 3119 1128 3175 sentienti
1145 3121 1184 3176 ab

173 3188 890 3316 mamm
902 3192 1184 3342 anniane

173 3331 1183 3471 fta§⁰33⁰tittlawattlnlhlaatl‘’tnatttt

173 3470 278 3527 laetam
295 3490 357 3528 esse
375 3473 557 3541 demonstrat,
575 3472 773 3541 hominumque
792 3473 945 3527 commodis
958 3470 1074 3528 mirifice
1089 3490 1150 3530 ease
1164 3491 1183 3530 a

174 3541 226 3597 deo
248 3543 406 3614 provisum,
428 3544 458 3598 id
481 3543 557 3613 quod
581 3544 713 3612 quattuor
731 3543 901 3612 argumentis
920 3543 966 3609 fit,
989 3559 1107 3612 quorum
1123 3545 1182 3613 pri-
