2654 3912
169 222 232 286 388
566 220 615 275 DE
634 219 788 276 LEGIBUS

169 372 243 434 ante
266 371 345 433 nata
367 370 418 431 est
436 387 534 450 quam
553 367 676 452 scripta
694 366 747 431 lex
764 365 834 430 ulla
853 369 911 430 aut
929 388 1028 449 quam
1047 367 1183 430 omnino

116 470 150 519 20
169 456 283 523 civitas
307 455 495 521 constituta.
529 454 563 534 Q.
582 453 791 519 Commodius
810 475 887 520 vero
907 459 940 519 et
959 454 999 518 ad
1018 454 1183 519 rationem

167 545 312 611 instituti
344 542 502 609 sermonis
530 543 718 628 sapientias.
762 543 816 607 M.
838 541 940 607 Visne
967 564 1047 628 ergo
1074 542 1182 628 ipsius

167 635 247 699 iuris
270 637 379 699 ortum
402 654 422 697 a
443 632 534 697 fonte
557 631 765 716 repetamus?
789 653 852 714 quo
875 630 1008 695 invento
1030 653 1098 696 non
1116 631 1184 696 erit

168 723 316 806 dubium,
349 742 413 806 quo
445 721 512 784 sint
543 719 623 785 haee
654 719 836 803 referenda,
869 740 951 803 quae
984 720 1181 803 quaerimus.
1198 739 1213 777 s

169 813 203 894 Q.
223 809 295 897 Ego
318 830 396 874 vero
414 808 462 873 ita
481 829 551 873 esse
569 807 751 873 faciendum
770 829 894 873 censeo.
930 808 1007 874 Arr.
1029 807 1082 873 Me
1102 830 1182 893 quo-

169 922 230 986 que
262 897 409 964 adscribe
436 896 530 962 frst'
488 900 549 961 trrs
577 900 650 961 sent
652 900 707 961 ent
708 897 767 962 iae
812 898 861 962 M.
888 893 1048 971 Quoniam
1075 896 1183 984 igitur

168 989 236 1054 eius
259 987 307 1052 rei
329 986 488 1072 publicae,
512 1007 610 1069 quam
634 989 803 1070 optumam
827 1006 898 1050 esse
920 984 1063 1051 docuit
1053 1007 1089 1050 m
1109 985 1181 1050 illis

169 1099 224 1142 sex
246 1074 341 1140 libris
355 1071 510 1159 Scipio,t
495 1073 652 1138 tenendus
676 1078 727 1139 est
749 1073 846 1139 nobis
864 1077 898 1138 et
917 1074 1098 1139 servandus
1113 1078 1181 1139 sta·

167 1170 222 1230 tus
250 1184 425 1248 omnesque
452 1162 543 1248 leges
571 1162 866 1228 adcommodandae
890 1162 931 1227 ad
953 1162 1036 1227 illud
1067 1162 1224 1250 civita-1⁰

168 1254 212 1318 tis
240 1273 356 1338 genus,
387 1250 514 1316 serendi
550 1250 649 1315 etiam
681 1272 788 1315 mores
819 1273 879 1317 nec
910 1250 1042 1337 scriptis
1070 1251 1182 1316 omnis.

169 1340 354 1424 sancienda,
380 1343 527 1425 repetam
553 1339 690 1424 stirpem
711 1339 792 1403 iuris
816 1362 836 1404 a
857 1342 989 1422 natura,
1013 1361 1077 1423 qua
1099 1339 1182 1405 duce

167 1429 262 1496 nobis
278 1428 383 1494 omnis
399 1431 450 1493 est
463 1427 642 1512 disputatio
657 1427 855 1513 explicanda.
886 1430 963 1494 Ara
976 1427 1180 1513 Rectissime,

168 1522 202 1584 et
225 1517 355 1603 quidem
377 1516 444 1583 ista
465 1517 545 1582 duee
568 1516 782 1582 errarinullo
805 1519 902 1601 pacto
925 1520 1054 1601 potest.

116 1584 148 1710 ᾖ
234 1609 283 1673 Μ.
305 1605 415 1672 Dasne
437 1605 540 1693 igitur
557 1605 620 1670 hoc
637 1605 742 1689 nobis,
763 1603 933 1690 Pomponi,
956 1601 1048 1690 (nam
1066 1603 1181 1680 Quinti
1196 1625 1222 1664 rs

168 1696 245 1761 novi
269 1692 478 1781 sententiam)
503 1694 636 1758 deorum
657 1694 883 1759 inmortalium
906 1693 952 1777 vi,
974 1698 1106 1777 natura,
1129 1715 1181 1758 ra-

168 1786 270 1868 tione,
296 1787 476 1869 potestate,
498 1787 619 1865 mente,
641 1781 788 1866 numine,
817 1782 884 1847 sive
909 1782 994 1866 quod
1017 1786 1068 1847 est
1090 1782 1180 1846 aliud

169 1874 317 1956 verbum,
345 1893 409 1956 quo
433 1871 562 1956 planius
586 1870 779 1956 significem,
807 1871 893 1954 quod
915 1871 1005 1954 volo,
1027 1874 1180 1935 naturam

169 1983 297 2026 omnem
324 1960 418 2047 regi?
449 1982 527 2025 nam
554 1959 594 2024 si·
610 1960 671 2025 hoc
697 1981 764 2024 non
791 1960 925 2045 probae,
952 1959 994 2024 ab
1022 1981 1061 2024 eo
1083 1960 1179 2024 nobis

169 2071 267 2116 causa
289 2049 443 2114 ordienda
466 2052 517 2112 est
539 2048 755 2132 potissimum.
791 2048 868 2113 Arr.
891 2047 943 2113 Do
967 2070 1053 2132 sane,
1076 2048 1105 2111 si
1122 2070 1179 2132 po·
1194 2065 1222 2104 2⁰

170 2139 288 2220 stulas3
311 2137 432 2202 etenim
454 2140 589 2221 propter
611 2136 697 2200 hrmc
719 2140 910 2201 concentum
933 2138 1042 2201 avium
1064 2137 1182 2221 strepi·

168 2232 303 2309 tumque
322 2225 491 2289 fluminum
509 2245 575 2289 non
593 2245 714 2308 vereor,
735 2224 1028 2309 condiscipulorum
1045 2246 1088 2290 ne
1106 2224 1179 2309 quis

169 2314 329 2379 exaudiat
373 2313 422 2378 M
449 2312 552 2396 Atqui
580 2312 756 2377 cavendum
783 2317 848 2397 est3
880 2313 987 2378 solent
972 2313 1114 2397 tenim,
1144 2313 1180 2377 id

169 2402 256 2486 quod
278 2401 423 2466 virorum
444 2401 604 2466 bonorum
623 2405 682 2485 est,
706 2362 906 2467 admodrim
896 2402 1002 2485 nasci,
1024 2423 1084 2468 nec
1100 2423 1178 2467 vero

168 2491 283 2575 ferent,
259 2490 336 2555 tsi
359 2489 520 2554 audierint
541 2493 575 2554 te
598 2489 740 2574 primum
758 2495 857 2575 caput
875 2490 1030 2555 librit
971 2513 1013 2575 op
1015 2491 1088 2555 timi
1093 2512 1180 2592 ,pro
1193 2506 1221 2546 ²⁵

150 2542 329 2664 didisse,
320 2601 355 2642 ιιι
372 2601 436 2662 quo
460 2578 591 2663 scripsit
576 2578 696 2643 tnihil
719 2600 832 2644 curare
855 2579 949 2644 deum
972 2600 1031 2644 nec
1052 2578 1102 2644 sui
1119 2600 1180 2644 nec

76 2680 150 2727 aa
170 2668 275 2734 alieni.
307 2668 383 2734 Arr
396 2666 510 2753 Perge,
529 2688 663 2751 quaeso,
685 2689 762 2733 nam
779 2667 822 2750 id,
841 2666 960 2752 quodt
945 2667 1008 2732 tibi
1026 2667 1180 2751 concessi,

170 2778 307 2858 quorsus
334 2756 513 2857 pertineat,
538 2759 687 2839 expecto
690 2750 714 2785 f
650 2754 772 2826 tuM.
794 2718 871 2821 lion
892 2755 1011 2821 faciam
1033 2756 1180 2842 longius,

129 2846 258 2913 truc
255 2842 341 2910 enirn
364 2844 515 2929 pertinet,
492 2844 660 2908 tanimal
681 2844 743 2910 hoc
760 2844 940 2929 providum,
964 2865 1075 2930 sagax,
1098 2845 1180 2909 mul·

68 2982 71 2988 1
97 2952 102 2959 ‘
168 2935 285 3019 tiplex,
306 2937 461 3017 acutum,
491 2953 631 3015 memor,
656 2932 789 3017 plenum
815 2932 953 2998 rationis
980 2937 1014 2997 et
1040 2932 1178 3016 consilii,
1192 2949 1230 2990 ³0⁷

170 3043 266 3106 quem
283 3043 436 3087 vocamus
454 3020 629 3104 hominem,
648 3021 817 3105 praeclara
835 3021 975 3106 quadam
992 3021 1180 3087 condicione

92 3126 99 3183 ι.
170 3114 360 3196 generatum
388 3131 458 3174 esse
485 3132 507 3175 a
532 3131 683 3194 supremo
712 3109 784 3193 deo,
816 3109 922 3175 solum
949 3112 1010 3174 est
1027 3110 1113 3174 enim
1140 3130 1180 3174 ex

100 3222 111 3283 ι
169 3201 221 3263 tot
244 3198 459 3263 animaruum
482 3198 654 3284 generibus
678 3202 775 3282 atque
797 3198 925 3263 naturis
947 3198 1124 3283 particeps
1129 3219 1180 3263 ra-

169 3284 268 3350 tionis
288 3290 321 3350 et
340 3285 559 3370 cogitationis,
576 3307 676 3370 quom
694 3290 803 3352 cetera
821 3287 888 3351 sint
902 3286 1011 3352 omnia
1024 3286 1186 3388 expertia

119 3371 254 3449 Quid
281 3376 332 3437 est
359 3377 468 3437 autem
495 3395 562 3438 non
589 3373 729 3439 dicam
719 3396 754 3438 ιιι
780 3373 926 3459 homine,
953 3375 1042 3440 sed
1032 3397 1067 3439 ιιι
1091 3375 1180 3439 οιιιιιι
1194 3390 1222 3431 ³⁵

120 3456 259 3525 ·-eaelo
279 3464 377 3543 atque
395 3465 484 3524 terra
502 3461 628 3526 ratione
647 3462 809 3527 divinius?
828 3484 910 3547 quae
924 3485 1022 3614 quom
1037 3462 1181 3527 adolevit

108 3518 151 3605 23
171 3552 269 3630 atque
291 3547 436 3630 perfecta
458 3550 517 3630 est,
539 3550 726 3613 nominatur
749 3549 811 3615 rite
835 3550 963 3635 sapient
964 3551 1004 3615 ia.
1040 3549 1130 3614 Est
1119 3549 1181 3632 rgi-
