2654 3912
189 176 256 241 382
413 182 416 199 ’“
582 171 631 228 Du
650 171 803 229 LEGIBUS

190 343 229 384 ex
255 316 327 404 ipso
355 322 467 404 poeta,
493 318 584 383 tuine
613 339 726 383 versus
752 317 837 382 hanc
865 337 1018 401 quercum
1046 314 1201 398 severint,

190 430 233 472 an
249 408 298 472 ita
314 406 438 473 factum
456 406 495 472 de
513 406 628 489 Mario,
650 409 688 470 ut
707 405 831 489 scribis,
854 404 1024 490 acceperis.
1060 404 1201 471 Marcus
1320 466 1321 475 ,

190 496 403 581 Respondebo
434 495 497 560 tibi
526 494 687 579 equidem,
717 494 773 559 sed
800 515 866 558 non
893 497 969 558 ante
997 515 1094 577 quam
1116 491 1202 556 mihi
1320 512 1321 549 1

190 588 227 649 tu
244 585 324 669 ,ipse
351 583 570 668 responderis,
597 582 720 667 Attice,
749 587 858 648 certon
880 603 946 647 non
968 582 1066 666 longe
1090 603 1110 645 a
1132 580 1201 644 tuis
1320 580 1321 585 ’

191 672 324 738 aedibus
359 672 566 737 inambulans
602 674 679 756 post
715 691 880 736 excessum
912 691 1006 734 suum
1038 668 1201 734 Romulus
1234 687 1247 726 ε
1320 694 1321 709 ¹

190 761 328 826 Proculo
351 759 436 826 Iulio
464 760 582 824 dixerit
609 781 643 824 se
671 759 765 824 deum
794 780 864 824 esse
891 761 925 823 et
947 756 1201 833 Quirinum'ro·

191 849 259 914 cari
285 849 508 934 templumque
535 847 599 913 sibi
622 847 763 912 dedicari
784 847 819 912 in
842 869 879 912 eo
902 848 974 912 loco
997 846 1142 930 iusserit,
1166 850 1201 909 et

190 959 345 1003 verumne
377 937 434 1021 sit,
464 943 501 1002 ut
521 935 661 1001 Athenis
692 957 759 1002 non
785 936 883 1022 longe
910 935 990 999 item
1018 957 1038 1000 a
1060 939 1117 999 tua
1139 934 1202 998 illa

191 1026 327 1110 antiqua
353 1025 448 1090 domo
471 1023 656 1109 Orithyiam
678 1023 800 1109 Aquilo
829 1023 1012 1106 sustulerit3
1039 1024 1085 1090 sic
1113 1024 1200 1088 enim

158 1118 244 1179 lest
277 1113 443 1178 traditum.
493 1115 569 1180 Am.
601 1113 763 1189 Quorsum
795 1112 925 1178 tandem
958 1116 1015 1177 aut
1047 1134 1103 1177 cur
1134 1112 1201 1177 ista
1218 1131 1247 1169 ιο

193 1202 343 1287 quaeris?
382 1202 431 1267 M.
454 1201 546 1266 Nihil
570 1223 662 1287 sane,
687 1201 751 1266 nisi
773 1224 815 1267 ne
836 1201 934 1266 nimis
957 1200 1131 1285 diligenter
1153 1201 1201 1264 iu·

193 1291 302 1376 quinas
325 1290 361 1354 in
384 1312 434 1375 ea,
460 1313 542 1375 quae
564 1290 630 1356 isto
654 1290 749 1356 modo
773 1290 948 1355 memoriae
971 1289 1038 1354 sint
1059 1288 1212 1375 prodita..

191 1380 268 1445 Arr.
294 1378 397 1463 Atqui
414 1379 520 1444 multa
539 1382 738 1463 quaeruntur
754 1378 790 1444 in
802 1378 907 1443 Mario
926 1378 1043 1443 fictane
1062 1399 1105 1442 an
1122 1398 1202 1443 uera

193 1468 273 1552 sint,
296 1471 329 1532 et
353 1490 372 1532 a
394 1489 461 1532 non
482 1468 595 1552 nullis,
623 1467 709 1551 quod
732 1471 765 1532 et
787 1466 822 1531 in
843 1466 966 1533 recenti
988 1466 1145 1531 memoria
1167 1469 1201 1530 et

160 1610 162 1615 .
192 1558 228 1621 in
249 1555 403 1641 Arpinati
429 1555 560 1621 homino
589 1566 730 1639 versere,
757 1555 878 1620 veritas
906 1558 982 1620 ate
1004 1555 1200 1640 postulatur.
1218 1575 1245 1614 1⁵

191 1646 241 1711 M.
268 1645 313 1709 Et
339 1644 522 1709 mehercule
550 1665 610 1730 ego
638 1666 690 1709 me
717 1643 811 1728 cupio
838 1666 905 1708 non
931 1643 1116 1708 mendacem
1144 1666 1201 1727 pu·

193 1734 271 1817 tari3
303 1732 361 1798 sed
386 1737 497 1797 tamen
523 1755 591 1798 non
616 1733 701 1797 nulli
726 1732 798 1816 isti,
829 1731 903 1797 Tite
924 1735 1050 1816 noster,
1076 1731 1201 1797 faciunt

193 1822 352 1907 imperite,
376 1821 432 1906 qui
454 1821 489 1885 in
510 1820 575 1886 isto
599 1821 742 1906 periculo
765 1842 832 1885 non
853 1824 891 1885 ut
913 1842 934 1885 a
955 1824 1062 1905 poeta,
1085 1820 1141 1884 sed
1163 1823 1200 1883 ut
1320 1854 1321 1871 κ

194 1913 320 1976 ateste
343 1910 516 1974 veritatem
539 1910 686 1995 exigant3
712 1931 772 1974 nec
795 1909 923 1993 dubito,
946 1909 1024 1993 quin
1047 1908 1144 1973 iidem
1168 1912 1201 1972 et

193 2021 267 2064 cum
293 1996 415 2084 Egeria
446 1998 651 2064 conlocutum
678 1997 821 2062 Numam
852 2001 886 2063 et
918 1998 958 2062 ab
987 1997 1097 2081 aquila
1123 1996 1201 2061 Tar·
1216 1997 1261 2056 ro

159 2100 176 2149 o
194 2086 305 2171 quinio
330 2086 453 2170 apicem
476 2086 655 2170 inpositum
673 2089 798 2171 putent.
836 2086 870 2166 Q.
893 2084 1054 2172 Intellego
1073 2089 1115 2170 te,
1137 2085 1201 2165 ira·

194 2178 257 2259 ter,
286 2174 367 2239 alias
390 2174 425 2238 in
446 2174 586 2239 historia
608 2175 698 2261 leges
721 2175 940 2240 observandas
963 2178 1092 2259 putare,
1119 2174 1200 2239 alias

195 2263 230 2327 in
251 2265 410 2347 poemate.
446 2263 502 2327 M,
517 2261 652 2347 Quippe,
675 2284 773 2347 quom
796 2263 831 2327 in
852 2263 912 2328 illa
934 2264 1040 2328 omniu
1062 2263 1104 2328 ad
1120 2263 1201 2327 veri·

194 2354 311 2435 tatem,
343 2349 475 2435 Quinte,
507 2350 701 2436 referantur,
732 2351 767 2415 in
797 2351 860 2416 hoc
887 2350 929 2416 ad
956 2351 1226 2417 delectationem

194 2440 365 2524 pleraque3
402 2460 598 2524 quamquam
634 2442 667 2504 et
704 2439 789 2524 apud
820 2438 1038 2528 Herodotum,
1074 2442 1200 2525 patrem
1215 2457 1241 2498 π

194 2527 365 2679 historiae,
397 2531 431 2592 et
458 2528 544 2613 apud
571 2527 818 2613 Theopompum
847 2531 923 2593 sunt
949 2526 1200 2592 innumerabiles

193 2617 273 2682 fabu
288 2638 333 2681 ae.

156 2705 176 2769 2
260 2706 336 2770 Arr.
350 2704 468 2789 Teneo,
487 2726 584 2791 quam
599 2705 763 2791 optabam,
777 2703 978 2770 occasionem
991 2726 1095 2788 neque
1110 2703 1202 2769 omit·

158 2845 159 2848 η
195 2797 272 2859 tam.
308 2794 356 2858 M.
380 2791 484 2869 Quam
512 2793 657 2878 tandem,
684 2793 779 2858 Tite?
815 2795 891 2859 Arr.
913 2792 1105 2858 Postulatur
1127 2814 1148 2868 a
1169 2796 1202 2857 te

194 2882 261 2947 iam
289 2881 343 2947 diu
369 2882 422 2947 vel
450 2881 619 2969 flagitatur
640 2881 749 2967 potius
772 2880 920 2946 historia.
963 2878 1015 2946 Sic
1038 2881 1125 2946 enim
1147 2903 1201 2966 pu·
1214 2899 1240 2940 ao

195 2974 282 3054 tant,
305 2974 338 3035 te
360 2970 454 3036 illam
477 2974 639 3043 tractante
662 2969 747 3035 effici
769 2991 879 3055 posse,
902 2973 939 3034 ut
961 2970 996 3034 in
1018 2969 1081 3035 hoc
1104 2969 1202 3034 etiam

196 3080 313 3160 genere
332 3057 486 3124 Graeciae
503 3059 587 3123 nihil
606 3058 765 3123 cedamus.
798 3057 910 3159 Atque
928 3061 966 3122 ut
985 3057 1108 3142 audias,
1127 3057 1203 3142 quid

196 3167 358 3317 {Afer
374 3151 610 3300 litatur
632 3146 846 3319 {llttttt
865 3146 1202 3320 llifssldliugblia
1320 3264 1321 3279 ι

197 3321 311 3386 debere
334 3322 396 3389 hoc
418 3344 550 3405 munus,
572 3327 610 3388 ut
633 3344 684 3407 ea,
708 3345 790 3408 quae
813 3323 906 3388 salva
927 3344 986 3408 per
1008 3326 1041 3388 te
1065 3326 1125 3406 est,
1147 3338 1239 3408 peras

195 3412 229 3474 te
260 3409 395 3475 eundem
425 3410 470 3475 sit
500 3415 622 3475 ornata.
668 3411 774 3476 Abest
803 3411 889 3476 enim
918 3410 1057 3476 historia
1084 3410 1202 3476 litteris
1319 3418 1321 3488 j

195 3496 331 3580 nostris,
357 3501 396 3562 ut
418 3502 452 3563 et
474 3497 544 3583 ipse
566 3498 723 3585 intellego
747 3502 781 3564 et
804 3521 842 3565 ex
865 3503 898 3564 te
921 3520 1076 3585 persaepe
1100 3498 1201 3564 audio.
