2654 3912
38 1923 161 1969 ,14

162 218 245 301 χ3ἵῖ
537 214 587 270 DE
606 215 654 269 RE
672 214 829 272 PUBLICA

178 366 271 427 tuum
293 382 413 426 nomen
435 382 470 425 se
492 363 565 426 tota
587 364 755 426 convertet
777 360 906 444 civitas,
929 363 963 425 te
986 363 1134 446 senatus,
1157 365 1197 425 te

179 472 289 518 omnes
317 448 409 534 boni,
435 453 469 514 ιι
497 448 589 533 socii,
616 452 650 513 te
672 448 782 513 Latini
808 448 1035 533 intuebuntur,
1062 450 1193 515 tueris

179 560 270 624 unus,
293 538 328 603 in
351 559 415 624 quo
434 537 559 603 nitatur
578 537 721 603 civitatis
740 538 839 621 salus,
862 560 909 622 ac,
930 559 972 602 ne
990 538 1104 622 multa,
1128 538 1197 603 dic-

178 631 229 693 tat
231 650 268 693 or
290 649 360 691 rem
382 627 546 712 publicam
569 625 749 691 constituas
771 629 911 711 oportet,
934 625 962 690 si
980 625 1098 711 impias
1117 649 1197 711 pro·
1309 684 1310 711 ,

175 717 374 801 pinquorum
409 736 524 781 manns
562 714 723 800 effugeris
774 713 839 779 Hic
870 737 943 780 cum
976 716 1197 781 exclamasset
1226 734 1241 775 s

177 804 308 870 Laelius
340 803 640 890 ingemuissentque
671 803 895 868 vehementius
927 802 1040 887 ceteri,
1073 802 1197 867 leniter

179 893 325 958 arridens
349 890 470 977 Scipio:
503 887 554 955 St!
582 912 716 976 quaeso,
743 891 864 976 inquit,
890 912 931 957 ne
958 913 1010 956 me
1034 913 1052 957 e
1075 913 1197 957 somno

129 981 434 1174 133(1Ξ)31θη181ιιι1κ1ιιιι1
448 1002 499 1133 ιιι
494 976 983 1152 111ιιιιιιιιιιιιῃ11ι1,ιιιιιι1ιιιθ1ιιιιιιι
984 1069 1103 1134 andam
1120 1091 1197 1139 rem
1282 1104 1286 1113 ·
1309 1082 1310 1091 ’

129 1128 354 1243 13publicam,
377 1157 424 1222 sic
446 1119 581 1222 habeto:
532 1119 763 1241 tomnibus,
787 1156 842 1241 qui
860 1157 1003 1242 patriam
1022 1179 1197 1223 conserva·
1213 1177 1239 1216 rc

179 1246 299 1330 verint,
323 1245 519 1330 adiuverint,
542 1246 699 1329 auxerint,
722 1249 847 1310 certum
871 1266 941 1310 esse
969 1246 1114 1312 incaelo
1140 1247 1197 1311 de

178 1333 308 1399 finitum
338 1334 460 1419 locum,
490 1333 547 1399 ubi
574 1334 663 1399 beati
691 1355 771 1399 aevo
799 1333 997 1419 sempiterno
1025 1333 1197 1419 fruantur,

178 1422 262 1487 nihil
294 1427 346 1488 est
377 1423 463 1488 enim
496 1422 547 1487 illi
580 1421 719 1508 principi
749 1422 822 1506 deo,
852 1423 908 1506 qui
940 1444 1069 1488 omnem
1100 1446 1197 1488 mun-

179 1512 256 1577 dum
278 1511 374 1598 regit,
397 1511 484 1596 quod
503 1510 631 1596 quidem
649 1511 684 1575 in
703 1510 799 1576 terris
817 1510 885 1595 fiet,
909 1511 1070 1596 acceptius
1092 1533 1194 1594 quam

120 1657 130 1683 ,
179 1600 316 1666 concilia
335 1622 390 1666 coe
391 1603 508 1685 iusque
526 1599 694 1665 hominum
712 1599 781 1664 iure
800 1598 924 1682 sociati,
943 1620 1026 1683 quae
1040 1599 1194 1664 civitates
1213 1618 1238 1658 ιι

180 1688 348 1774 appellant
348 1710 401 1773 ur3
418 1688 535 1753 harum
554 1690 695 1753 rectores
715 1691 749 1752 et
765 1691 1010 1753 conservatores
1028 1687 1103 1753 hinc
1117 1710 1197 1773 pro-

179 1777 255 1842 fect'
231 1781 258 1842 ιι
276 1777 339 1842 huc
362 1780 576 1842 revertuntur.

128 1844 170 1907 14
246 1864 309 1931 Hic
328 1887 399 1952 ego,
417 1865 480 1929 etsi
496 1886 584 1930 eram
600 1864 793 1949 perterritus
807 1887 873 1930 non
886 1868 956 1930 tam
970 1824 1086 1930 mortis
1101 1869 1196 1931 metu

180 1977 278 2039 quam
306 1953 498 2018 insidiarum
527 1975 547 2018 a
574 1953 669 2037 meis,
699 1953 844 2037 quaesivi
871 1957 995 2035 tamen,
1024 1953 1195 2018 viveretne

178 2044 249 2128 ipse
273 2046 306 2107 ιι
328 2042 450 2108 Paulus
472 2046 567 2127 pater
590 2044 623 2106 et
646 2004 711 2125 alii,
734 2063 815 2126 quos
837 2063 897 2107 nos
921 2064 960 2107 ex
961 2004 1082 2107 tiirctos
1105 2041 1196 2106 arbi·
1210 2059 1238 2098 ιο

179 2136 350 2196 ιιιιιιιιιιι.
389 2129 494 2195 Immo
517 2151 603 2213 vero,
625 2129 741 2214 inquit,
763 2129 798 2194 hi
821 2129 944 2215 vivunt,
967 2130 1024 2215 qui
1042 2151 1059 2195 e
1078 2151 1194 2215 corpo·

179 2242 253 2285 rum
279 2218 417 2284 vinculis
445 2222 614 2303 tamquam
637 2240 655 2282 e
678 2240 805 2283 carcere
829 2220 1052 2298 evolaverunt,
1079 2221 1195 2284 vestra

179 2329 267 2391 vero,
290 2329 373 2392 quae
395 2306 521 2390 dicitur,
544 2305 613 2371 vita
636 2328 724 2372 mors
747 2311 806 2372 est.
843 2305 928 2383 Quin
950 2311 987 2372 tu
1010 2306 1130 2393 aspicis
1148 2309 1194 2373 ad

180 2401 214 2461 ιι
242 2395 425 2460 venientem
452 2395 591 2460 Paulum
617 2397 767 2480 patrem?
804 2393 907 2471 Quem
933 2400 970 2462 ut
993 2397 1072 2479 vidi,
1103 2396 1193 2481 equi-

181 2483 302 2550 dem
271 2506 338 2550 vnn
356 2484 564 2550 lacrimarum
581 2483 720 2569 profudi,
737 2484 794 2549 ille
813 2489 922 2550 autem
937 2505 988 2550 me
1002 2484 1193 2571 complexus
1209 2500 1237 2542 ιδ

57 2628 60 2632 .
181 2577 279 2659 atque
302 2573 453 2639 osculans
476 2573 553 2638 flere
575 2573 780 2674 prohibebat

130 2641 171 2705 15
247 2661 357 2746 Atque
384 2683 445 2749 ego
475 2665 513 2726 ut
539 2660 681 2746 primum
708 2662 787 2726 fletu
809 2682 957 2746 represso
980 2661 1071 2746 loqui
1092 2683 1193 2747 posse

129 2720 161 2767 ¹⁵
180 2749 281 2852 coepi,
299 2748 462 2836 Quaeso,
452 2772 595 2835 mquam,
613 2754 708 2835 pater
727 2750 930 2816 sanctissime
945 2753 1043 2836 atque
1058 2750 1192 2836 optime,

180 2837 334 2940 quoniam
351 2838 431 2904 haec
450 2838 544 2904 ιιι
514 2842 562 2904 ιιι
564 2861 592 2940 a,
547 2842 647 2903 tut
660 2837 851 2904 Africanum
866 2839 960 2904 audio
976 2838 1090 2923 dicere,
1110 2838 1190 2923 quid

180 2948 290 2993 moror
320 2926 356 2991 in
386 2926 505 2992 terris?
539 2926 618 3012 quin
648 2926 712 2992 huc
739 2927 780 2992 ad
806 2948 865 2992 vos
892 2926 1001 2992 venire
1028 2948 1111 3012 prop
1112 2927 1192 2992 ero?
1206 2941 1235 2982 ⁸0

179 3014 257 3081 Non
279 3019 330 3080 est
351 3015 409 3099 ιιι,
431 3015 538 3101 inquit
559 3014 626 3079 ille.
662 3013 736 3080 Nisi
757 3014 843 3081 enim
862 3015 940 3080 deus
957 3015 996 3100 is,
1020 3015 1110 3080 cuius
1127 3014 1193 3080 hoc

180 3104 339 3189 templum
367 3107 417 3169 est
440 3123 550 3188 omne,
581 3103 667 3188 quod
690 3103 863 3188 conspicis,
889 3103 964 3169 istis
986 3107 1021 3169 te
1044 3102 1192 3188 corporis

180 3191 336 3258 custodiis
355 3191 553 3276 liberaverit,
571 3191 634 3257 huc
651 3191 713 3257 tibi
732 3193 839 3257 aditus
857 3195 969 3277 patere
986 3213 1053 3258 non
1071 3195 1192 3277 potest.

179 3279 338 3345 Homines
367 3279 453 3345 enim
476 3283 552 3344 sunt
574 3279 636 3345 hac
658 3280 731 3366 lege
755 3280 915 3367 generati,
943 3281 999 3365 qui
1021 3283 1192 3345 tuerentur

180 3367 274 3431 illum
307 3367 456 3453 globum,
489 3390 584 3453 quem
615 3368 650 3432 in
678 3368 741 3433 hoc
769 3370 893 3453 templo
921 3369 1063 3434 medium
1090 3367 1192 3452 vides,
1206 3385 1233 3426 ιι

182 3476 264 3538 quae
291 3458 381 3520 terra
407 3455 537 3541 dicitur,
567 3456 671 3541 iisque
700 3455 826 3521 animus
855 3456 950 3522 datus
978 3461 1028 3521 est
1056 3478 1094 3522 ex
1121 3456 1192 3521 illis
1309 3482 1310 3491 ¹

181 3542 388 3624 sempiternis
419 3543 565 3630 ignibus,
597 3565 680 3629 quae
712 3544 818 3609 sidera
848 3549 883 3610 ιι
912 3545 1026 3611 stellas
1055 3544 1191 3630 vocatis,
