2652 3908
377 225 445 283 ΜΒ.
464 226 500 283 11.
525 226 601 283 car.
620 234 734 282 44-47.
753 233 768 293 a
788 233 935 283 114—120.
1117 226 1160 289 89

152 373 186 435 et
221 392 295 435 cum
330 371 416 437 aeris
452 372 656 437 extremitate
691 371 906 458 coniungitur.
959 370 999 436 In
1018 370 1161 436 aethere
1170 371 1214 436 46

152 461 262 524 autem
281 462 372 525 astra
389 459 574 543 volvuntur,
593 482 675 544 quae
694 481 729 525 se
747 464 781 525 et
798 460 872 531 nisu
890 481 949 525 suo
964 460 1161 545 conglobata

153 547 321 612 continent
349 551 383 613 et
412 547 519 613 forma
540 548 613 633 ipsa
634 549 803 634 figuraque
825 571 885 613 sua
906 552 1072 613 momenta
1094 568 1161 611 sus·

152 639 296 720 tentant,
326 639 403 700 sunt
432 635 518 701 enim
540 636 692 720 rotrmda,
721 636 838 720 quibua
865 636 994 720 formis,
1020 641 1059 701 ut
1086 638 1162 700 ante

123 723 273 789 edixisse
303 723 416 789 videor
423 775 432 808 ,
463 724 595 790 minime
624 724 734 791 noceri
764 728 883 811 potest
928 722 1012 789 Sunt
1038 728 1146 789 autem
1164 736 1215 788 118

153 813 269 877 stellae
285 817 406 878 natura
423 812 604 898 flammeae,
627 813 777 897 quocirca
794 818 910 898 terrae,
932 812 1041 896 maris,
1064 833 1162 895 aqua-

152 923 227 965 rum
253 900 431 986 vaporibus
454 902 586 967 aluntur
607 901 662 985 iis,
690 902 745 987 qui
768 922 788 966 a
809 903 879 967 sole
901 923 941 967 ex
963 900 1052 987 agris
1075 903 1162 985 tepe

151 988 250 1054 factis
273 993 368 1053 etex
391 988 484 1073 aquis
507 990 702 1073 excitantur,
725 990 842 1074 quibus
866 989 953 1055 altae
975 991 1162 1054 renovatae-

153 1099 216 1163 que
249 1076 364 1142 stellae
392 1081 490 1161 atque
518 1078 623 1143 omnis
650 1077 763 1143 aether
788 1078 963 1144 refundunt
990 1077 1102 1142 eadem
1129 1080 1162 1140 et

110 1187 140 1224 ιο
153 1187 284 1230 rursum
314 1165 452 1230 trahunt
483 1165 638 1250 indidem,
667 1166 751 1230 nihil
778 1170 816 1232 ut
844 1166 912 1231 fere
938 1164 1079 1231 intereat
1105 1169 1162 1230 aut

153 1254 328 1319 admodum
350 1253 533 1339 paululum,
560 1254 647 1338 quod
669 1258 832 1319 astrorum
854 1253 941 1340 ignis
964 1258 997 1319 et
1020 1253 1161 1319 aetheris

152 1343 287 1407 flamma
314 1343 484 1408 consumit.
529 1341 580 1407 Ex
607 1364 671 1426 quo
699 1346 889 1408 eventurum
916 1342 1022 1408 nostri
1044 1344 1163 1427 putant

152 1431 201 1515 id,
223 1431 263 1495 de
286 1452 350 1516 quo
373 1429 565 1496 Panaetium
588 1431 779 1495 addubitare
802 1431 965 1514 dicebant,
987 1433 1025 1495 ut
1048 1429 1089 1494 ad
1112 1451 1163 1493 ex·

152 1524 296 1584 tremum
328 1519 434 1584 omnis
462 1520 600 1584 mundus
628 1519 821 1605 ignesceret,
851 1542 924 1585 cum
950 1539 1063 1583 umore
1090 1539 1163 1583 con·

112 1611 287 1693 resumpto
310 1629 414 1693 neque
431 1613 520 1673 terra
539 1608 583 1672 ali
601 1612 713 1693 posset
731 1629 790 1674 nec
807 1610 968 1673 remearet
986 1611 1050 1690 adr,
1072 1605 1162 1671 euius

153 1701 248 1762 ortos
271 1717 356 1780 aqua
379 1696 468 1761 omni
490 1696 649 1761 exhausta
671 1717 830 1761 essenon
851 1700 977 1781 posset3
998 1695 1047 1758 ita
1068 1693 1163 1759 relin-

154 1785 212 1870 qui
237 1784 320 1849 nihil
347 1789 477 1870 praeter
503 1784 626 1871 ignem,
656 1806 675 1850 a
699 1806 762 1869 quo
785 1806 914 1848 rursum
938 1783 1103 1848 animante
1125 1803 1164 1846 ac

154 1874 216 1938 deo
245 1873 414 1938 renovatio
444 1872 556 1937 mundi
584 1873 678 1938 fieret
704 1877 802 1957 atque
829 1872 915 1937 idem
938 1875 1072 1938 ornatus
1096 1891 1163 1936 ore

154 1965 255 2027 retur.
290 1958 377 2026 Nolo
399 1961 433 2025 in
457 1962 627 2026 stellarum
645 1961 771 2026 ratione
790 1961 912 2026 multus
930 1960 1024 2026 robis
1042 1958 1154 2042 videri,
1166 1973 1218 2023 119

113 2070 142 2110 ao
155 2049 360 2135 maximeque
383 2072 502 2135 earum,
526 2072 608 2134 quae
628 2072 735 2115 errare
755 2049 915 2133 dicuntur3
940 2069 1077 2134 quarum
1095 2052 1165 2112 tan-

156 2248 286 2291 summa
307 2223 440 2291 Saturni
462 2225 642 2312 refrigeret,
664 2226 771 2292 media
792 2225 908 2291 Martis
931 2225 1091 2309 incendat,
1112 2224 1165 2289 his

155 2315 328 2380 interiecta
345 2314 433 2379 Iovis
455 2314 610 2379 inlustret
633 2319 666 2380 et
683 2319 843 2400 temperet
859 2314 1008 2398 infraque
1025 2312 1166 2379 Martem

156 2404 240 2468 duae
267 2400 337 2469 Soli
367 2402 554 2487 oboediant,
582 2402 653 2489 ipse
680 2400 736 2468 Sol
765 2403 921 2467 mundum
950 2423 1079 2467 omnem
1106 2423 1166 2466 sua

114 2511 142 2552 aa
155 2493 229 2557 luce
252 2492 414 2580 compleat
436 2491 477 2556 ab
501 2513 603 2576 eoque
620 2490 713 2556 Luna
735 2491 929 2556 inluminata
952 2490 1165 2577 graviditates

156 2584 193 2646 et
219 2584 333 2665 partus
356 2576 482 2646 adferat
505 2580 774 2665 maturitatesque
797 2579 960 2666 gignendi.
1004 2577 1093 2653 Quae
1115 2599 1166 2642 co-

155 2668 284 2754 pulatio
311 2690 420 2734 rerum
447 2672 481 2733 et
506 2668 599 2752 quasi
621 2668 825 2734 consentiens
849 2667 890 2733 ad
912 2666 1023 2732 mundi
1045 2665 1165 2730 ineolu-

157 2757 307 2822 mitatem
330 2756 570 2844 coagmentatio
588 2760 725 2822 naturae
744 2778 839 2840 quem
857 2777 923 2820 non
941 2757 1060 2837 movet,
1079 2753 1166 2818 huno

156 2845 275 2912 horum
296 2845 379 2910 nihil
402 2867 556 2930 umquam
577 2845 780 2930 reputavisse
802 2848 891 2910 certo
914 2842 989 2909 scio.

117 2950 145 2992 ω
226 2933 308 3020 Age,
327 2937 365 2999 ut
383 2955 403 3000 a
416 2933 611 3000 caelestibus
625 2933 722 2998 rebus
737 2933 778 2998 ad
791 2935 962 2998 terrestres
976 2931 1153 3011 veniamus,

159 3022 237 3107 quid
259 3026 311 3087 est
332 3022 368 3087 in
384 3021 445 3106 his,
468 3023 502 3087 in
522 3043 586 3106 quo
603 3043 670 3088 non
687 3026 824 3087 naturae
842 3021 927 3086 ratio
945 3020 1166 3105 intellegentis

158 3110 338 3196 appareat?
383 3109 546 3196 Principio
570 3132 696 3195 eorum,
723 3131 806 3195 quae
829 3109 1008 3196 gignuntur
1030 3130 1048 3173 e
1070 3113 1168 3190 terra,

159 3199 280 3283 stirpes
307 3202 341 3263 et
364 3199 581 3264 stabilitatem
604 3198 683 3264 dant
704 3198 759 3280 iis,
787 3219 869 3283 quae
893 3197 1067 3278 sustinent,
1095 3200 1168 3260 ete

157 3290 249 3352 terra
272 3308 384 3353 sucum
407 3287 556 3371 trahunt,
584 3308 649 3372 quo
672 3286 802 3352 alantur
825 3307 877 3370 ea,
902 3306 984 3371 quae
1007 3284 1169 3349 radicibus

114 3390 143 3434 aa
158 3374 380 3460 continentur,
412 3375 679 3460 obducunturque
710 3374 796 3440 libro
823 3378 881 3440 aut
907 3372 1027 3440 cortice
1054 3372 1169 3454 trunci,

158 3484 222 3548 quo
246 3463 315 3528 sint
338 3485 359 3529 a
379 3462 559 3550 frigoribus
583 3466 617 3528 et
639 3463 802 3528 caloribus
820 3461 968 3527 tutiores.
1003 3459 1074 3524 Iam
1092 3481 1169 3523 vero

156 3551 242 3617 vitea
269 3551 317 3617 sic
338 3551 506 3618 claviculis
530 3551 729 3618 adminicula
752 3553 921 3633 tamquam
943 3547 1094 3613 manibus
1117 3545 1169 3610 ad·

1171 2901 1235 3029 a.
