2652 3908
159 226 203 286 90
467 178 518 274 uu
536 219 687 275 urruns
706 218 860 273 oaouuu

158 366 362 453 prehendunt
385 369 481 449 atque
504 365 553 431 ita
575 385 610 429 se
633 364 815 451 erigunt,u
816 363 1001 430 tanimant
1002 386 1045 428 es
1081 360 1174 438 Quin

159 456 258 520 etiam
281 477 301 519 a
324 454 484 555 caulibus,
507 454 535 518 si
557 456 692 538 propter
714 452 779 517 sati
802 452 877 536 sint,
900 456 938 518 ut
960 474 981 518 a
1002 450 1173 537 pestiferis

159 549 192 608 et
214 546 331 608 nocent
317 542 405 608 tibus
428 530 576 627 refugere
600 541 749 606 dicuntur
771 562 831 607 nec
853 561 909 606 eos
929 541 999 606 ulla
1016 562 1055 605 ex
1073 543 1173 625 parte

107 645 155 694 121
172 653 233 696 con
233 631 367 717 tingere
416 629 584 696 Animant‘
560 633 642 694 trum
674 650 751 694 vero
784 634 906 714 quanta
937 628 1079 694 varietas
1107 631 1172 704 cst,

158 724 282 804 quanta
311 719 352 783 ad
382 740 454 784 eam
483 740 552 783 rem
579 717 642 801 vis,
671 717 745 782 ut
735 739 770 782 1n
797 739 857 784 auu
881 739 1025 802 quaeque
1048 737 1200 802 generes

158 808 359 894 permaneat!
383 806 527 882 Quarum
545 806 630 871 aliae
644 805 741 871 coriis
757 809 864 871 tectae
876 810 961 890 sunt,
979 805 1064 871 aliae
1078 805 1171 869 villis

158 896 306 979 vestitae,
320 895 403 960 aliae
419 894 521 979 spinis
535 894 694 977 hirsutae,
707 894 820 980 pluma
834 893 926 978 alias,
938 894 1020 959 alias
1030 915 1172 979 squama

158 984 304 1050 videmus
327 983 497 1066 obductas,
525 982 608 1048 alias
631 1004 701 1048 esse
724 983 876 1049 cornibus
900 987 1057 1065 armatas,
1082 982 1171 1048 alias

158 1073 279 1138 habere
303 1071 422 1157 effugia
444 1071 626 1157 pinnarum.
661 1070 798 1149 Pastum
817 1074 927 1137 autem
946 1070 1170 1137 animantibus

159 1162 251 1246 large
279 1163 312 1225 et
339 1160 468 1246 copiose
494 1164 613 1224 natura
635 1180 722 1243 enm,
750 1159 807 1243 qui
828 1160 943 1244 cuique
966 1164 1063 1245 aptus
1087 1163 1170 1243 erat,
1184 1180 1214 1220 ro

160 1248 370 1333 comparavit.
414 1247 613 1313 Enumerare
635 1268 779 1332 possum,
804 1247 845 1313 ad
868 1269 941 1313 eum
964 1252 1095 1332 pastum
1118 1270 1170 1314 ca

61 1376 63 1382 ι
159 1336 352 1423 pessendum
384 1336 677 1420 conficiendumque
710 1357 792 1420 quae
822 1336 866 1400 sit
896 1336 930 1400 in
957 1336 1071 1422 figuris
1101 1336 1170 1402 ani·

160 1425 319 1494 mantium
348 1428 382 1490 et
408 1447 505 1509 quam
534 1425 649 1490 sollers
678 1424 872 1509 subtilisque
900 1423 1067 1511 discriptio
1095 1446 1170 1509 par·

160 1515 243 1580 tium
261 1535 422 1599 quamque
437 1513 639 1578 admirabilis
652 1512 777 1578 fabrica
790 1512 1018 1587 membrorum.
1050 1511 1170 1578 Omnia

161 1603 256 1686 enim,
280 1624 362 1686 quae
385 1601 514 1687 quidem
536 1601 625 1666 intus
647 1601 773 1667 inclusa
796 1605 880 1686 sunt,
902 1601 951 1666 ita
971 1605 1051 1667 nata
1069 1605 1169 1685 atque
1185 1621 1213 1662 rs

160 1692 209 1756 ita
240 1692 348 1756 locata
379 1694 469 1774 sunt,
500 1694 537 1754 ut
563 1689 646 1754 nihil
674 1710 786 1755 eorum
813 1711 1086 1774 supervacaneum
1114 1691 1169 1773 sit,

109 1791 157 1841 122
173 1779 254 1843 nihil
282 1779 323 1843 ad
352 1778 452 1843 vitam
478 1778 680 1845 retinendam
706 1799 772 1843 non
798 1778 1024 1844 necessarium.
1067 1777 1170 1845 Dedit

160 1871 269 1933 autem
297 1867 407 1932 eadem
434 1870 552 1931 natura
578 1866 683 1932 beluis
710 1869 744 1931 et
767 1888 897 1931 sensum
920 1870 953 1931 et
976 1866 1169 1953 appetitum,

160 1961 197 2021 ut
224 1956 328 2020 altero
356 1959 507 2020 conatum
534 1955 692 2020 haherent
719 1954 759 2020 ad
786 1955 952 2020 naturales
979 1960 1093 2040 pastus
1116 1977 1169 2021 ea·

160 2043 349 2130 pessendos,
377 2042 480 2108 altero
508 2046 711 2108 secernerent
736 2042 893 2128 pestifera
915 2065 936 2109 a
958 2043 1166 2109 salutaribus.
1182 2065 1211 2104 ao

159 2132 230 2197 Iam
261 2152 337 2196 vero
368 2131 433 2195 alia
460 2130 615 2197 animalia
637 2131 826 2217 gradiendo,
856 2131 922 2197 alia
944 2132 1101 2217 serpendo
1125 2131 1167 2198 ad

160 2225 293 2306 pastum
316 2219 484 2304 accedunt,
507 2220 571 2284 alia
593 2220 745 2304 volando,
768 2220 972 2304 alienando,
994 2221 1167 2305 cibumque

159 2308 282 2395 partim
304 2307 370 2373 oris
393 2307 485 2373 hiatu
508 2312 542 2373 et
565 2308 714 2374 dentibus
736 2308 817 2394 ipsis
840 2313 1021 2393 capessunt,
1044 2309 1167 2394 partim

159 2418 318 2569 tttt
343 2397 1089 2572 ltthhcffftttluhltudtthf
1100 2419 1167 2550 tt
1181 2506 1208 2547 u
1311 2504 1312 2577 4

161 2573 332 2657 mandunt,
363 2578 460 2657 atque
488 2574 587 2638 etiam
614 2574 753 2638 aliorum
780 2595 819 2639 ea
846 2578 896 2639 est
918 2572 1101 2658 humilitas,
1128 2579 1167 2640 ut
1311 2580 1312 2607 ¹

109 2674 158 2723 123
174 2662 281 2727 cibum
295 2665 483 2727 terrestrem
497 2662 612 2727 rostris
626 2661 722 2727 facile
736 2662 941 2748 contingant,
960 2684 1042 2747 quae
1056 2666 1165 2727 autem

161 2751 280 2815 altiora
298 2755 384 2835 sunt,
407 2754 443 2814 ut
462 2770 600 2833 anseres,
622 2754 659 2814 ut
678 2750 782 2836 cygni,
804 2754 841 2815 ut
859 2771 964 2837 grues,
986 2755 1024 2816 ut
1041 2751 1166 2833 cameli,

161 2839 355 2903 adiuvantur
386 2838 581 2924 proceritate
613 2839 784 2922 collorum3
815 2860 930 2904 manus
963 2839 1061 2904 etiam
1088 2840 1166 2907 data

161 2927 334 3012 elephanto
367 2931 431 3010 est,
463 2926 539 3009 quia
568 2931 703 3011 propter
734 2927 991 3012 magnitudinem
1020 2929 1165 3013 corporis
1179 2947 1205 2988 ac
1310 2918 1311 2939 ¹

107 3016 149 3082 48
161 3015 307 3080 difficiles
340 3014 446 3080 aditus
474 3013 617 3079 habebat
644 3014 684 3080 ad
711 3019 851 3100 pastum.
896 3014 942 3079 At
969 3016 1086 3101 quibus
1112 3017 1166 3082 be

160 3105 232 3169 stiis
256 3107 326 3168 erat
348 3103 377 3167 is
400 3102 504 3186 cibus,
530 3106 568 3167 ut
591 3102 664 3168 aliis
688 3104 842 3189 [generis]
866 3103 981 3169 bestiis
1003 3126 1166 3171 vesceren-

160 3198 222 3274 tur,
247 3194 303 3256 aut
326 3190 411 3256 vires
433 3195 551 3255 natura
574 3190 662 3255 dedit
684 3196 741 3256 aut
763 3192 971 3258 celeritatem.
1005 3191 1094 3258 Data
1116 3197 1166 3258 est

161 3280 353 3366 quibusdam
377 3280 476 3344 etiam
499 3279 694 3345 machinatio
719 3280 875 3364 quaedam
894 3284 992 3366 atque
1010 3281 1165 3365 sollertia,
1308 3358 1309 3371 ,

159 3373 197 3432 ut
226 3368 260 3431 in
288 3368 448 3433 araneolis
476 3368 560 3434 aliae
589 3368 682 3453 quasi
709 3372 777 3434 rete
799 3372 927 3454 texunt,
956 3373 1007 3453 ut,
1037 3369 1065 3434 si
1089 3370 1165 3454 quid
1179 3390 1204 3432 u
1308 3374 1309 3393 ¹

160 3455 346 3540 inhaeserit,
369 3456 550 3541 conficiant,
573 3457 656 3522 aliae
680 3460 789 3522 autern
812 3478 850 3521 ex
872 3456 1041 3543 inopinato
1060 3458 1166 3524 obser·

162 3548 239 3608 rant
270 3548 315 3625 et,
345 3544 373 3609 si
402 3545 478 3628 quid
504 3545 630 3627 incidit,
658 3545 817 3629 arripiunt
844 3545 940 3630 idque
965 3551 1165 3614 consumunt
1303 3628 1308 3893 ,
