2654 3924
399 184 468 240 ΜΒ,
487 185 535 241 111.
557 185 633 240 CAP.
655 192 766 240 13-17.
786 195 801 250 9·
820 191 934 240 23-27.
1108 185 1172 247 341

163 328 261 413 fiunt,
288 328 506 413 quoniamque
533 328 646 393 eadem
673 332 723 392 est
749 328 834 393 ratio
862 328 942 392 iuris
969 329 1004 393 in
1026 332 1174 419 utroque,

165 417 204 480 de
227 417 341 502 populi
364 417 525 502 sapientia
543 417 713 482 dicendum
730 420 820 502 puta.
856 414 903 482 Ut
923 417 990 482 iam
1008 417 1226 497 omittam[2t]

165 506 262 589 alios,
291 508 404 570 noster
430 505 484 570 hio
510 506 666 591 populus,
696 527 792 590 quem
818 504 992 571 Africanus
1021 504 1174 569 hesterno

166 615 314 658 sermone
341 616 362 658 a
389 594 490 679 stirpe
517 593 683 679 repetivit,
711 594 801 659 ouius
827 592 965 678 imperio
992 593 1059 658 iam
1085 592 1175 657 orbis

137 685 273 747 aterrae
295 685 434 767 tenetur,
456 682 583 748 iustitia
605 705 648 748 an
670 681 833 768 sapientia
851 685 902 748 est
919 703 937 747 e
956 681 1090 746 minimo
1109 703 1176 746 om·

164 770 257 835 nium
278 772 436 837 maximus
450 770 575 853 faetus?

281 911 522 993 [Deaaerantar
542 914 709 978 minimam
730 918 874 996 quatuor
889 914 1049 997 papiana]

231 1039 361 1120 praeter
387 1034 532 1101 Arcadas
560 1040 594 1100 et
616 1035 839 1121 Atheniensis,
867 1036 936 1122 qui,
963 1036 1071 1121 oredo,
1099 1038 1140 1118 [p.
1160 1050 1229 1100 125

166 1123 319 1188 timentes
346 1123 409 1189 hoo
435 1123 645 1190 interdictum
672 1125 817 1191 iustitiae
844 1146 886 1190 ne
911 1125 1038 1209 quando
1062 1125 1176 1189 existe

165 1215 226 1295 ret,
249 1213 425 1277 commenti
448 1218 525 1277 sunt
547 1234 582 1277 se
601 1214 640 1277 de
658 1218 747 1278 terra
764 1218 934 1299 tamquam
951 1213 1012 1278 hos
1031 1236 1070 1278 ex
1089 1214 1176 1279 arvis

127 1320 153 1360 ιο
166 1300 330 1366 musculos
354 1301 508 1366 extitisse.

232 1388 286 1453 Ad
312 1388 393 1455 haec
419 1390 478 1454 illa
505 1389 568 1456 dioi
596 1391 703 1455 solent
730 1390 872 1475 primum
895 1390 1013 1474 abiis,
1040 1391 1097 1475 qui
1120 1391 1176 1455 mi·
1188 1364 1230 1491 122

165 1476 253 1541 nime
276 1481 353 1541 sunt
375 1477 410 1542 in
428 1478 615 1544 disserendo
635 1479 723 1562 mali,
746 1478 855 1562 quiin
873 1501 911 1543 ea
929 1499 1083 1544 oausaeo
1102 1480 1176 1564 plus

167 1566 372 1631 auctoritatis
395 1565 527 1651 habent,
550 1568 635 1652 quia,
658 1590 731 1633 eum
750 1567 789 1631 de
807 1567 877 1632 viro
896 1568 982 1633 bono
1002 1567 1178 1652 quaeritur,

167 1676 263 1739 quem
291 1659 441 1739 apertum
468 1659 501 1720 et
528 1656 710 1742 simplicem
732 1656 882 1720 volumus
906 1677 990 1740 esse,
1011 1677 1079 1720 non
1101 1660 1178 1720 sunt

128 1762 153 1802 1⁵
167 1743 204 1807 in
231 1742 427 1828 disputando
455 1744 554 1828 vafri,
582 1767 650 1810 non
676 1747 890 1829 veteratores,
918 1764 986 1809 non
1007 1744 1178 1827 malitiosi;

166 1836 289 1916 negant
321 1830 407 1896 enim
440 1834 621 1918 sapientem
652 1830 780 1919 idloireo
811 1833 918 1897 virum
946 1832 1070 1897 bonum
1101 1835 1178 1914 [pa

168 1940 251 2003 esse,
279 1919 365 2005 quod
392 1941 465 1985 eum
494 1943 552 1987 sua
580 1925 696 2007 sponte
724 1943 762 1987 aa
783 1943 842 2006 per
864 1943 899 1986 se
922 1921 1053 1987 bonitas
1077 1925 1111 1986 et
1132 1922 1179 1986 iu·
1314 1924 1315 1927 ’

168 2007 261 2072 stitia
279 2009 427 2092 delectet,
445 2010 501 2075 sed
517 2012 604 2095 quod
617 2033 720 2075 vacua
733 2014 830 2092 metu,
847 2032 932 2094 oure,
951 2010 1178 2094 sollieitudine,

167 2097 311 2182 periculo
326 2097 396 2162 vita
409 2097 570 2165 bonorum
583 2099 728 2165 virorum
742 2098 795 2181 sit,
809 2102 923 2164 eontra
937 2103 1047 2164 autem
1059 2099 1179 2184 impro-

127 2206 153 2245 ao
166 2184 218 2249 bis
245 2206 373 2271 semper
396 2186 498 2272 aliqui
522 2209 655 2274 scrupus
678 2189 713 2252 in
736 2187 854 2252 animis
876 2187 1024 2273 haereat,
1051 2209 1179 2273 semper

166 2273 207 2338 iis
231 2277 307 2339 ante
331 2276 442 2341 oeulos
464 2276 584 2343 iudicia
606 2281 640 2341 et
662 2275 823 2362 supplicia
845 2280 1028 2360 versentur3
1050 2278 1179 2342 nullum

167 2365 277 2427 autem
305 2364 560 2430 emolumentum
587 2386 671 2450 esse,
702 2364 831 2430 nullum
857 2364 1019 2430 iniustitia
1046 2369 1178 2451 partum

167 2451 347 2535 praemium
375 2456 518 2537 tantum,
546 2476 673 2538 semper
696 2457 734 2518 ut
755 2452 888 2537 timeas,
916 2474 1043 2538 semper
1065 2459 1103 2518 ut
1125 2455 1179 2518 ad·

168 2559 252 2688 gase,
284 2560 411 2624 semper
442 2546 480 2607 ut
510 2542 696 2627 impendere
728 2541 872 2626 aliquam
905 2562 1043 2627 poenam
1074 2545 1179 2627 putes,

127 2646 154 2686 a
190 2647 367 2692 amna.

170 2769 408 2850 [Desideraalar
434 2772 471 2836 ia
497 2773 558 2837 aad.
587 2771 654 2837 Va.
683 2777 828 2854 quatuor
849 2773 1016 2836 minimam
1033 2773 1179 2854 papiana,

168 2859 221 2923 sed
241 2879 306 2922 aaa
327 2860 391 2939 fere
406 2861 528 2943 papiae
550 2861 612 2926 loeo
634 2860 673 2924 ab
691 2861 855 2926 Lactantio
873 2861 980 2926 adlato
997 2860 1178 2943 suppletae]

234 2981 435 3065 (naariam
463 2962 534 3049 aab.
562 2984 622 3050 aaa.
650 2984 701 3050 aa.
730 2983 763 3051 r
779 2988 831 3050 12.
857 2986 891 3067 a,
919 2982 965 3067 a.)
1005 2982 1068 3049 aa
1094 2944 1230 3074 mall,

168 3069 341 3137 (laeenam
362 3092 426 3137 aaa
447 3072 612 3138 abhorrens
633 3095 655 3137 a
671 3093 741 3139 vero
759 3073 842 3138 {aaa
858 3074 895 3138 in
911 3094 948 3138 ea
965 3073 1179 3155 disputatione,

167 3180 245 3241 quae
260 3159 389 3225 laeena
405 3182 427 3224 a
439 3160 540 3226 Faria
558 3167 664 3226 watra
680 3164 850 3228 lusatiam:
869 3158 1006 3245 Quaero,
1023 3161 1133 3243 inquit,
1150 3159 1179 3225 si

169 3248 231 3313 duo
246 3248 322 3333 sint,
336 3270 474 3333 quorum
488 3250 572 3314 alter
586 3249 729 3335 optimus
743 3250 802 3332 vir,
817 3249 1041 3334 aequissimus,
1051 3270 1179 3314 summa

127 3353 155 3395 so
168 3337 303 3421 iustitia,
318 3338 479 3424 singulari
490 3338 562 3419 fide,
577 3338 660 3403 alter
673 3338 796 3425 insigni
810 3338 930 3403 seelera
944 3341 977 3403 et
987 3337 1130 3422 audacia,
1145 3341 1179 3402 et

168 3425 196 3490 si
219 3425 255 3489 in
277 3447 315 3492 eo
339 3426 384 3491 sit
402 3447 510 3493 errore
533 3425 657 3510 civitas,
680 3429 717 3491 ut
735 3428 857 3492 bonum
876 3425 971 3490 illum
988 3426 1095 3490 virum
1114 3447 1179 3491 see·

167 3514 321 3604 letatum,
349 3515 582 3600 facinorosum,
607 3515 769 3580 nefarium
791 3517 899 3600 putet,
922 3518 1037 3580 eontra
1060 3518 1178 3594 autem,
