2652 3920
192 217 257 291 228
544 217 593 272 DE
611 215 856 273 DIVINATIONE

193 386 290 449 quam
317 384 352 429 se
378 362 629 429 fortunatiorem
658 384 756 447 quam
778 361 954 428 Praeneste
983 362 1103 428 vidisse
1125 360 1205 430 For·

178 457 314 518 tunam.
357 450 448 536 Ergo
470 451 534 517 hoc
557 449 766 516 divinationis
789 471 892 537 genus
915 450 1116 517 omittamus.

139 543 182 608 42
257 539 311 605 Ad
342 538 581 606 Chaldaeorum
612 541 761 605 monstra
791 538 974 623 veniamus3
1012 540 1052 605 de
1084 540 1203 625 quihus

190 628 358 713 Eudoxus,
384 626 533 694 Platonis
557 627 699 709 auditor,
726 627 762 693 in
784 627 967 715 astrologia
988 627 1107 694 iudicio
1129 628 1204 694 doc·

191 717 394 783 tissimorum
416 716 586 783 hominum
607 715 703 781 facile
726 715 890 802 princeps,
914 717 962 782 sic
984 717 1146 802 opinatur,
1169 717 1204 783 id
1230 737 1245 776 a

192 805 278 891 quod
305 805 463 890 scriptum
490 804 637 889 reliquit,
670 801 843 870 Chaldaeis
869 805 905 869 in
926 804 1147 890 praedictione
1170 809 1205 870 et

191 894 227 960 in
248 893 416 959 notatione
439 893 593 978 cuiusque
615 892 703 958 vitae
726 914 766 958 ex
785 892 891 958 natali
909 892 961 958 die
979 893 1114 958 minime
1132 915 1204 960 esse

139 995 173 1046 88
192 982 395 1048 credendum
441 979 601 1047 Nominat
630 980 729 1047 etiam
760 979 951 1067 Panaetius,
983 982 1039 1066 qui
1070 1004 1154 1048 unus
1185 1005 1204 1048 e

193 1069 311 1137 Stoicis
339 1070 583 1156 astrologorum
609 1068 776 1155 praedicta
797 1069 922 1154 reiecit,
949 1068 1148 1136 Anchialum
1170 1075 1205 1136 et

193 1157 424 1243 Cassandrum,
458 1179 603 1224 summos
635 1158 821 1244 astrologos
852 1158 941 1224 illius
974 1159 1107 1243 aetatis,
1139 1181 1245 1244 quam

192 1250 265 1313 erat
286 1247 366 1332 ipse,
388 1268 462 1313 cum
484 1247 520 1312 in
541 1246 657 1312 ceteris
682 1246 882 1333 astrologiae
901 1248 1052 1332 partibus
1071 1249 1204 1314 excelle·

192 1340 274 1420 rent,
296 1335 358 1402 hoc
379 1334 612 1421 praedictionis
635 1356 753 1421 genere
774 1356 842 1401 non
859 1356 945 1401 usos.
977 1334 1094 1422 Scylax
1112 1335 1205 1402 Hali·

193 1424 384 1509 camassius,
405 1423 578 1490 familiaris
601 1422 759 1508 Panaetii,
782 1424 942 1490 excellens
965 1424 1001 1489 in
1022 1424 1205 1511 astrologia

192 1513 341 1599 idemque
362 1512 398 1578 in
420 1511 562 1600 regenda
584 1534 644 1578 sua
666 1512 797 1578 civitate
820 1512 983 1598 princeps,
1010 1517 1118 1578 totum
1141 1513 1204 1580 hoc

140 1614 173 1665 89
193 1599 406 1667 Chaldaicum
427 1600 634 1687 praedicendi
657 1621 759 1687 genus
781 1601 973 1686 repudiavit.
1009 1598 1073 1668 Sed
1094 1606 1132 1667 ut
1154 1622 1204 1668 ra·
1218 1621 1246 1661 1⁶

191 1690 282 1756 tione
303 1694 435 1756 utamur
458 1689 588 1755 omissis
611 1689 766 1774 testibus,
788 1690 835 1755 sic
857 1689 915 1754 isti
937 1689 1120 1776 disputant,
1147 1690 1205 1775 qui

192 1779 273 1846 haee
291 1776 529 1845 Chaldaeorum
551 1778 707 1844 natalicia
728 1777 895 1864 praedicta
915 1778 1104 1844 defendunt:
1126 1778 1204 1845 Vim

193 1867 357 1955 quandam
389 1889 460 1933 esse
493 1867 584 1933 aiunt
616 1866 773 1953 signifero
804 1867 840 1932 in
870 1866 962 1952 orbe,
994 1867 1051 1952 qui
1082 1866 1204 1934 Graece

194 1953 353 2036 ζωδιακός
382 1956 514 2039 dicitur,
543 1957 657 2039 talem,
688 1959 726 2020 ut
752 1955 821 2021 eius
848 1955 938 2021 orbis
964 1977 1030 2021 una
1057 1978 1203 2043 quaeque

192 2067 269 2131 pars
292 2044 358 2110 alia
380 2044 446 2110 alio
470 2043 566 2108 modo
589 2048 720 2109 moveat
742 2044 946 2129 inmutetque
968 2044 1108 2130 eaelum,
1132 2067 1203 2131 per·
1217 2066 1246 2105 eo

192 2133 266 2199 inde
293 2137 331 2198 ut
357 2154 503 2218 quaeque
531 2132 647 2197 stellae
673 2132 709 2196 in
734 2132 786 2197 his
809 2132 1032 2218 finitumisque
1054 2134 1203 2220 partibus

192 2223 261 2287 sint
288 2241 416 2305 quoque
445 2224 605 2305 tempore,
635 2242 770 2306 eamque
799 2221 866 2286 vim
893 2220 982 2287 varie
1009 2223 1134 2288 moveri
1160 2223 1203 2289 ab

192 2310 233 2375 iis
261 2308 434 2392 sideribus,
462 2331 544 2393 quae
571 2312 729 2374 vocantur
756 2309 913 2394 errantia,
940 2332 1013 2376 cum
1037 2314 1146 2376 autem
1168 2310 1205 2376 in

194 2420 266 2463 eam
293 2398 398 2483 ipsam
426 2401 554 2483 partem
582 2397 670 2462 orbis
697 2398 857 2482 venerint,
886 2398 922 2463 in
948 2399 1085 2484 quasit
1111 2402 1203 2465 ortus

194 2487 272 2570 aius,
295 2486 351 2570 qui
372 2491 540 2570 nascatur,
567 2489 624 2552 aut
646 2486 682 2551 in
704 2508 790 2571 eam,
813 2508 894 2570 quae
917 2488 1124 2553 coniunctum
1147 2488 1204 2554 ali·
1217 2507 1246 2547 25

194 2574 496 2729 lttlttttt
511 2575 1204 2750 ttttsstltthtttttithlttttt

193 2756 327 2837 tumque
359 2752 440 2818 caeli
470 2751 696 2818 conversiones
729 2752 1062 2836 commutationesque
1091 2757 1204 2819 tantae

192 2841 275 2906 fiant
297 2862 428 2906 accessu
450 2840 621 2905 stellarum
644 2844 678 2905 et
699 2862 837 2924 recessu,
859 2861 999 2929 cumque
1015 2863 1054 2906 ea
1071 2841 1105 2906 vi
1123 2842 1204 2908 solis

194 2928 389 3012 efficiantur,
412 2950 495 3013 quae
516 2927 676 3012 videmus,
698 2949 766 2993 non
786 2928 856 2994 veri
879 2928 985 2993 simile
1008 2931 1124 3014 solum,
1147 2930 1204 2996 sed
1219 2949 1248 2989 so

194 3017 293 3082 etiam
307 3039 419 3083 verum
433 3038 504 3082 esse
518 3021 651 3082 censent
663 3016 805 3102 perinde,
818 3021 993 3102 utcumque
1002 3021 1204 3102 temperatus

194 3106 238 3170 sit·
261 3110 326 3189 atr,
348 3106 396 3170 ita
417 3126 536 3191 pueros
560 3105 694 3171 orientis
718 3105 856 3171 animari
878 3111 976 3190 atque
995 3105 1142 3191 formari,
1164 3128 1205 3172 ex

194 3215 297 3277 eoque
314 3193 454 3280 ingenia,
477 3214 593 3276 mores,
612 3194 764 3278 animum,
782 3215 908 3279 eorpus,
927 3193 1090 3260 actionem
1107 3196 1205 3279 vitae,

134 3252 184 3379 ἐξ
194 3302 288 3347 casus
316 3282 470 3367 cuiusque
497 3288 695 3366 eventusque
722 3282 811 3368 fingi.
856 3281 884 3347 Ο
910 3283 1134 3349 delirationem
1157 3284 1205 3348 in·

194 3368 395 3435 credibilem!
426 3392 493 3434 non
524 3372 612 3437 enim
644 3371 749 3435 omnis
782 3391 872 3435 error
899 3370 1042 3436 stultitia
1070 3371 1246 3438 dicendass

195 3461 254 3522 est.
295 3455 418 3532 Quibus
442 3457 541 3523 etiarn
563 3458 727 3543 Diogenes
751 3455 879 3523 Stoicus
902 3458 1048 3525 concedit
1071 3460 1205 3545 aliquid,

195 3549 232 3610 ut
250 3544 434 3630 praedicere
452 3548 580 3632 possint
599 3546 777 3630 dumtaxat,
803 3546 909 3631 qualis
928 3546 1063 3633 quisque
1084 3553 1205 3614 natura
