2652 3908
350 223 419 278 ula.
437 223 472 279 Π.
497 223 574 279 GAP.
595 230 707 279 rs-ar.
731 230 879 289 ece-ss.
1075 226 1119 291 65

98 370 216 436 ‘multa
242 369 439 436 mirabiliter
461 368 602 434 efficiens
625 372 697 434 tum
720 368 949 454 antecedendo,
977 373 1119 436 tumre

105 458 279 541 tardando,
297 462 368 523 tum
386 457 581 543 vespertinis
594 457 796 542 temporibus
811 457 1029 544 delitiscendo,
1047 462 1119 524 tum

108 547 283 612 matutinis
305 567 437 613 rursum
459 567 494 611 se
517 545 703 631 aperiendo,
733 545 816 611 nihil
837 545 980 611 inmutat
1002 547 1118 629 sempi-

108 634 213 701 ternis
241 634 424 701 saeclorum
451 635 628 718 aetatibus,
661 633 740 720 quin
767 634 880 700 eadem
908 635 1012 700 isdem
1039 639 1119 701 tem-

80 747 95 788 s
107 724 246 811 poribus
276 722 406 789 efficiat.
450 721 542 789 Infra
570 726 680 789 autem
708 722 793 788 hane
821 723 956 809 propius
984 746 1004 789 a
1030 728 1121 790 terra

108 812 198 878 Ioris
223 812 321 877 stella
342 811 459 897 fertur,
488 833 570 897 quae
596 810 741 877 Φαέθων
764 811 894 895 dicitur,
921 833 1023 897 eaque
1045 833 1119 878 eun·

109 901 184 966 dem
211 919 264 966 ΧΗ
291 900 319 965 si
367 921 461 966 orum
488 900 600 966 orbem
627 900 798 966 annis-xri
826 900 955 966 conficit
978 899 1119 965 easdem·

109 1011 186 1075 que,
220 1009 302 1073 quas
349 987 459 1054 aturni
489 989 600 1074 stella,
632 987 733 1054 efficit
758 988 793 1053 in
815 1009 912 1055 cursu
933 989 1119 1055 varietates.

108 1077 194 1144 Huic
209 1081 320 1142 autem
333 1076 517 1162 proximum
530 1076 716 1144 inferiorem
730 1077 842 1142 orbem
855 1080 946 1143 tenet
959 1073 1117 1164 Πυρόεις,
1137 1094 1173 1145 53

71 1188 193 1251 requae
222 1166 321 1232 stella
341 1165 459 1230 Martis
481 1166 679 1251 appellatur,
707 1187 808 1252 eaque
829 1183 882 1230 1111
905 1169 939 1231 et
960 1185 1010 1232 xx
1032 1188 1119 1232 men·

112 1255 202 1320 sibus
225 1272 273 1339 vr,
294 1258 332 1320 ut
354 1253 478 1339 opinor,
501 1254 614 1320 diebus
636 1254 743 1319 minus
766 1254 903 1319 eundem
925 1254 1047 1321 lustrat
1070 1276 1119 1320 or·

110 1344 195 1428 bem,
219 1364 316 1427 quem
338 1342 420 1408 duae
443 1343 634 1428 superiores.
669 1341 761 1407 Infra
782 1342 867 1409 hanc
889 1347 998 1408 autem
1022 1344 1120 1409 stella

110 1431 266 1497 Mercurii
288 1435 352 1515 est3
375 1453 414 1496 ea
435 1434 592 1514 Στίλβων
614 1431 801 1517 appellatur
823 1453 844 1496 a
867 1428 1014 1515 Graecis3
1037 1453 1119 1515 quae

109 1542 196 1587 anno
220 1519 288 1585 fere
310 1523 457 1585 vertente
480 1519 672 1606 signiferum
695 1519 816 1585 lustrat
838 1519 950 1585 orbem
973 1541 1076 1604 neque
1100 1543 1120 1585 a

69 1629 96 1671 u
109 1609 181 1675 sole
210 1608 342 1695 longius
368 1629 524 1693 umquam
550 1608 646 1674 unius
673 1607 761 1694 signi
787 1608 962 1674 intervallo
986 1607 1120 1674 discedit

109 1702 182 1764 tum
211 1700 432 1781 antevertens,
458 1699 531 1763 tum
558 1696 765 1782 subsequens.
809 1695 927 1761 Infima
953 1700 1003 1762 est
1031 1696 1120 1781 quin·

111 1808 173 1871 que
199 1785 379 1850 errantium
400 1788 571 1870 terraeque
589 1784 738 1870 proxima
758 1784 856 1850 stella
868 1783 1014 1870 Veneris,
1038 1807 1120 1870 quae

112 1869 302 1958 Φωσφόρος
325 1872 459 1958 Graece,
488 1871 618 1940 Lucifer
638 1872 754 1940 Latine
778 1872 910 1956 dicitur,
937 1895 1010 1939 cum
1033 1878 1121 1940 ante·

110 1962 260 2050 graditur
282 1962 398 2046 solem,
420 1983 494 2027 cum
516 1962 725 2047 subsequitur
747 1965 870 2046 autem,
884 1956 1059 2048 Ἕσπεροςς
1082 1984 1120 2028 ea

69 2071 245 2119 accursum
267 2072 352 2116 anno
376 2050 506 2117 conficit
528 2054 562 2117 et
584 2050 790 2117 latitudinem
809 2050 953 2116 lustrans
972 2050 1121 2138 signiferi

110 2139 203 2207 orbis
232 2142 266 2204 et
288 2138 539 2226 longitudinem,
568 2139 654 2224 quod
675 2138 761 2205 idem
783 2137 908 2205 faciunt
930 2139 1046 2227 stellae
1069 2162 1120 2206 su·

109 2228 270 2315 periotes,
300 2249 404 2314 neque
435 2248 590 2312 umquam
621 2228 663 2294 ab
691 2228 760 2293 sole
787 2227 924 2294 duorum
952 2228 1120 2315 signorum

108 2316 288 2382 intervallo
315 2316 445 2403 longius
474 2316 610 2381 discedit
635 2318 707 2382 tum
729 2315 930 2400 antecedens,
952 2320 1023 2382 tum
1046 2317 1120 2382 sub

110 2426 260 2491 sequens.
313 2403 408 2471 Hane
437 2404 540 2492 igitur
571 2404 606 2469 in
635 2403 741 2470 stellis
773 2404 1004 2489 constantiam,
1035 2377 1173 2504 hanc25}

68 2512 96 2555 ss
110 2497 242 2559 tantam
268 2496 339 2558 tam
365 2493 466 2560 variis
493 2493 640 2559 cursibus
662 2493 698 2557 in
720 2492 809 2558 omni
831 2492 1025 2559 aeternitate
1047 2516 1120 2560 con·

110 2581 311 2648 senientiam
346 2585 531 2667 temporum
566 2602 634 2647 non
663 2602 797 2666 possum
827 2581 1019 2669 intellegere
1051 2582 1120 2648 sine

110 2675 236 2754 mente,
261 2670 403 2755 ratione,
431 2669 577 2737 oonsilio.
622 2667 711 2745 Quae
738 2692 811 2736 eum
833 2669 869 2735 in
891 2669 1050 2736 sideribus
1073 2670 1120 2735 in·

110 2780 184 2824 csse
206 2758 384 2843 rideamus,
406 2779 472 2825 non
494 2780 667 2843 possumus
690 2779 730 2824 ea
750 2758 824 2843 ipsa
845 2780 912 2824 non
932 2758 968 2823 in
987 2759 1120 2825 deorum

111 2868 248 2914 numero
276 2868 440 2933 reponere.
485 2845 554 2913 Nec
579 2868 657 2914 vero
684 2868 740 2913 eae
768 2847 896 2930 stellae,
929 2868 1012 2932 quae
1038 2846 1121 2913 iner-

68 2954 96 2998 ω
109 2939 224 3002 rantes
241 2939 408 3020 vocantur,
424 2957 493 3001 non
510 2934 697 3022 significant
715 2935 850 3001 eandem
865 2939 1008 3001 mentem
1021 2946 1120 3021 atque

15 3030 17 3037 ’
110 3023 334 3111 prudentiam,
370 3045 507 3108 quarum
543 3027 594 3089 est
630 3023 793 3090 cotidiana
823 3024 1016 3091 conveniens
1048 3046 1121 3091 con·

111 3118 269 3198 stansque
287 3111 465 3198 conversio,
486 3133 545 3178 nec
563 3112 686 3178 habent
703 3112 866 3179 aetherios
885 3135 997 3178 cursus
1015 3127 1121 3199 neque

111 3202 203 3268 caelo
226 3200 441 3285 inhaerentes,
463 3204 501 3266 ut
518 3200 666 3287 plerique
683 3201 795 3268 dicunt
812 3201 965 3287 physicae
983 3203 1120 3268 rationis

111 3289 230 3378 ignari
275 3288 352 3356 Non
380 3293 432 3355 est
454 3288 540 3355 enim
563 3290 705 3355 aetheris
728 3312 767 3355 ea
788 3295 919 3376 natura,
946 3291 1039 3357 utri
1062 3313 1121 3356 sua

68 3395 98 3438 aa
111 3379 227 3444 stellas
250 3378 408 3463 conplexa
426 3381 652 3462 contorqueat3
674 3401 751 3444 nam
769 3378 877 3444 tenuis
895 3401 933 3445 ao
951 3380 1121 3464 perlucens

111 3471 146 3534 et
178 3466 343 3551 aequabili
376 3467 483 3533 calore
515 3466 656 3532 suffusus
683 3467 795 3532 aether
821 3488 888 3532 non
915 3468 996 3532 satis
1024 3470 1120 3552 aptus

112 3555 154 3621 ed
181 3555 297 3621 stellas
323 3554 533 3621 continendas
561 3554 697 3622 ridetur.
743 3554 876 3620 Habent
902 3554 1005 3641 igitur
1028 3576 1121 3619 suam
1139 3566 1172 3615 55

167 3667 223 3712 oro.
237 3668 280 3711 rr.
293 3670 312 3711 s.
893 3662 909 3710 a
