2652 3920
392 234 460 290 mn.
478 234 514 289 11.
537 233 614 290 cAP.
633 242 711 292 4-e.
730 241 746 303 e
766 243 878 292 11-1e.
1067 235 1131 301 201

121 377 280 444 abducere
303 378 537 445 divinationem
559 399 696 464 eamque
717 380 766 445 ita
788 379 934 445 definire:
949 378 1133 445 divinatio·

120 488 196 532 nem
224 487 296 532 esee
324 488 435 533 earum
461 488 570 533 rerum
597 467 852 554 praedictionem
878 472 913 534 et
934 467 1133 554 praesensio·

120 577 205 640 nem,
228 576 311 641 quae
330 560 440 621 essent
456 554 621 622 fortuitae.
651 554 799 623 Primum
817 554 930 623 eodem
946 556 1134 623 revolveris.

121 642 209 709 Nam
237 647 271 709 et
296 643 413 710 medici
440 646 474 709 et
501 643 729 731 gubernatoris
757 648 791 710 et
812 644 1020 730 imperatoris
1043 665 1134 730 prae

93 732 230 798 essurio
253 735 305 798 est
327 754 436 798 rerum
458 730 678 800 fortuitarum,
723 731 813 798 Num
835 733 938 820 igitur
961 736 1018 799 eut
1039 733 1135 799 heru-

122 841 201 907 spex
229 824 287 887 aut
313 841 418 907 augur
446 825 504 887 aut
529 825 622 887 rates
651 820 723 906 quis
747 825 806 887 aut
827 821 994 887 somnians
1016 822 1134 887 melius

122 909 296 976 oonieoerit
320 912 377 974 eut
399 931 417 975 e
439 911 554 976 morbo
578 931 751 976 erasurum
774 913 945 998 aegrotum
968 912 1026 976 aut
1046 931 1063 976 e
1081 932 1134 996 pe

122 997 226 1064 riculo
249 1019 366 1064 navem
389 1001 447 1064 aut
469 1019 507 1063 ex
525 998 651 1101 insidiis
670 998 847 1065 exereitum
866 1019 964 1100 quam
982 998 1134 1100 medicus,

82 1196 109 1237 ,ο
123 1086 790 1259 {remitittlzilttlltttl
808 1087 1135 1262 tillidi&-
1154 1103 1185 1153 ¹⁴

123 1263 236 1328 dentes
262 1263 456 1349 quibusdam
487 1263 687 1350 praesentire
719 1264 823 1350 signis
853 1261 903 1350 (in
930 1285 993 1350 quo
1020 1267 1135 1331 nostra

123 1351 282 1437 quaedam
296 1350 420 1418 Aratea
433 1352 621 1418 memoriter
638 1374 659 1418 a
676 1355 709 1418 te
727 1351 940 1438 pronuntiata
954 1350 1054 1440 sunt),
1072 1352 1135 1418 etsi

121 1440 203 1506 haee
224 1440 298 1526 ipsa
318 1438 457 1507 fortuita
479 1444 565 1525 sunt3
586 1441 777 1527 plerumque
800 1441 895 1524 enim,
917 1462 985 1508 non
1006 1461 1134 1526 semper

122 1528 283 1594 eveniunt.
317 1527 406 1606 Quae
421 1532 472 1595 est
489 1529 593 1616 igitur
610 1533 669 1595 aut
685 1529 743 1595 ubi
761 1533 911 1599 versatur
923 1527 1134 1594 fortrdtarum

82 1635 108 1678 1⁵
122 1638 232 1683 rernm
260 1618 461 1704 praesensio,
492 1639 591 1702 quam
621 1618 853 1683 divinationem
879 1617 1000 1683 voees?
1045 1614 1134 1693 Quae

122 1706 209 1771 enim
239 1706 435 1792 praesentiri
466 1710 525 1772 aut
556 1710 626 1772 arte
659 1709 717 1772 eut
747 1706 874 1772 ratione
902 1710 960 1771 aut
985 1727 1048 1771 usu
1077 1709 1135 1770 eut

122 1794 307 1860 coniectura
336 1799 487 1880 possunt,
517 1816 556 1861 ea
584 1817 651 1860 non
680 1794 798 1861 divinis
827 1794 1001 1860 tribuenda
1027 1798 1135 1880 putes,

123 1882 181 1949 sed
211 1883 335 1969 peritis.
380 1882 434 1949 Ita
460 1884 669 1969 relinquitur,
700 1887 738 1949 ut
765 1905 804 1949 ea
830 1883 969 1950 fortuita
995 1882 1135 1949 divinari

122 1971 264 2058 possint,
293 1992 374 2058 quse
401 1972 494 2038 nulla
520 1993 580 2040 neo
607 1976 678 2038 erte
703 1994 763 2038 neo
786 1971 949 2058 sapientia
970 1971 1135 2057 provideri

82 2079 110 2120 ²⁰
123 2063 275 2214 {litt
297 2059 554 2215 uluildmillis'
570 2059 1040 2236 ltlltillutitlff
1061 2080 1134 2214 {22²4

272 2198 282 2234 2

121 2237 532 2412 {rurenses
550 2237 724 2413 pirri.
1238 2404 1241 2409 ,

123 2435 206 2499 quae
227 2414 263 2479 in
284 2413 418 2481 fortuna
437 2415 565 2500 positae
584 2420 669 2501 sunt,
691 2415 878 2502 praesensio
898 2414 1055 2480 divinatio
1075 2417 1133 2480 est.

81 2520 110 2563 rs
190 2501 345 2569 Potestne
372 2502 475 2590 igitur
502 2525 614 2570 earum
643 2525 765 2587 rerum,
795 2524 878 2589 quae
904 2503 988 2568 nihil
1010 2503 1135 2569 hebent
1152 2466 1187 2594 ᾗ

122 2590 271 2675 rationis,
289 2612 390 2675 quare
407 2591 536 2658 futurae
556 2593 632 2676 sint,
651 2613 721 2657 esse
734 2592 805 2658 ulla
817 2591 1027 2678 praesensio?
1050 2589 1134 2668 Quid

123 2682 175 2743 est
202 2677 288 2743 enim
315 2679 404 2744 aliud
431 2679 514 2766 fors,
545 2681 621 2766 quid
648 2679 795 2766 fortuna,
824 2680 902 2766 quid
924 2701 1034 2765 casus,
1058 2679 1135 2765 quid

123 2769 269 2851 eventus,
290 2766 355 2831 nisi
377 2789 452 2834 oum
469 2768 517 2835 sio
535 2769 657 2855 aliquid
674 2768 798 2852 cecidit,
821 2766 868 2834 sie
886 2767 1003 2852 evenit,
1025 2770 1063 2833 ut
1081 2769 1134 2833 vel

122 2855 221 2921 aliter
241 2854 356 2921 cedere
379 2860 477 2940 atque
500 2858 628 2923 evenire
650 2856 817 2944 potuerit?
849 2854 1035 2933 Quomodo
1054 2877 1133 2943 ergo

82 2963 109 3004 so
122 2944 170 3029 id,
197 2942 284 3029 quod
311 2946 433 3009 temere
458 2944 498 3009 fit
525 2966 619 3012 oeeeo
642 2967 720 3012 oasu
743 2948 777 3011 et
799 2945 1008 3011 volubilitate
1030 2945 1133 3011 fortu-

121 3054 193 3118 nae,
215 3032 411 3119 praesentiri
433 3037 467 3097 et
488 3034 631 3119 praedici
652 3034 785 3121 potest?
816 3032 960 3100 Medicus
983 3035 1134 3101 morbum
1154 3048 1187 3098 le

122 3121 403 3208 ingravescentem
436 3122 563 3188 ratione
591 3122 754 3209 providet,
785 3122 921 3188 insidias
947 3122 1135 3210 imperator,

122 3213 337 3298 tempestates
360 3210 575 3297 gubernator,
598 3214 632 3276 et
651 3214 762 3277 tamen
779 3210 805 3277 ii
821 3210 886 3298 ipsi
903 3233 1000 3298 saepe
1018 3211 1136 3279 fallun-

123 3302 191 3385 tur,
221 3298 277 3385 qui
303 3299 387 3365 nihil
416 3299 486 3365 sine
513 3299 752 3367 reiteratione
775 3300 964 3386 opinantur,
990 3302 1029 3367 ut
1051 3302 1136 3388 egri·

83 3404 109 3447 ⁸⁶
122 3387 209 3473 oole,
231 3409 306 3455 oum
328 3387 442 3455 florem
466 3388 557 3454 olene
579 3387 681 3472 ridet,
703 3387 819 3455 bacam
842 3410 970 3473 quoque
992 3410 1028 3455 se
1051 3390 1137 3456 visu·

121 3497 195 3541 rum
226 3479 338 3563 putat,
369 3498 435 3543 non
467 3476 537 3543 sine
567 3477 695 3544 ratione
726 3476 784 3542 ille
812 3475 955 3561 quidem3
986 3477 1043 3543 sed
1069 3500 1135 3545 non

121 3587 301 3650 numquam
333 3569 444 3631 tamen
474 3564 613 3633 fallitur.
664 3563 787 3642 Quodsi
817 3563 979 3631 falluntur
1009 3566 1047 3647 ii,
1080 3565 1135 3650 qui
