2630 3904
187 219 226 284 16
490 217 538 275 DE
557 217 708 273 NATURA
727 216 881 272 DEORUM

182 362 337 429 membris
360 363 498 449 simplex
521 362 566 428 sit
588 362 752 449 putandus
775 362 867 446 deus,
890 361 1064 448 septimum
1079 362 1195 427 solem

183 451 332 537 adiungit
354 454 568 536 octavamque
591 452 716 517 lunam·
709 450 796 536 ,qui
814 472 878 535 quo
898 471 996 516 sensu
1012 450 1101 523 beati
1120 471 1194 515 esse

181 539 323 627 possint,
359 540 394 604 in
394 539 509 625 tellegi
544 560 610 604 non
645 543 764 625 potest.
741 538 868 604 tEx
900 537 1012 603 eadem
1042 536 1194 603 Platonis

182 628 295 695 schola
317 627 472 695 Ponticus
494 627 683 694 Heraclides
710 627 890 713 puerilibus
917 626 1038 692 fabulis
1062 626 1195 704 refersit
1300 622 1301 653 ¹

182 717 285 783 libros
315 721 349 782 et
375 718 472 783 modo
499 718 668 801 mundum,
694 720 766 781 tum
788 720 931 781 mentem
954 715 1097 780 divinam
1120 736 1193 781 essa
1228 733 1243 774 s

181 808 287 893 putat,
309 804 494 871 errantibus
518 805 617 872 otiam
637 805 743 870 stellis
763 804 969 870 divinitatem
986 803 1104 869 tribuit
1121 825 1195 869 sen·
1300 826 1301 837 ¹

182 915 284 980 suque
314 893 409 960 deum
440 893 550 979 privat
576 896 610 960 et
637 894 705 959 eius
732 893 872 960 formam
901 893 1093 959 mutabilem
1120 913 1195 958 esse

182 983 255 1051 vult
282 982 458 1068 eodemque
484 982 519 1048 in
547 982 631 1047 libro
659 1003 771 1048 rursus
794 985 917 1047 terram
939 984 974 1047 et
996 980 1121 1048 caelum
1144 1003 1194 1047 re·

128 1082 163 1134 so
181 1071 247 1137 fert
275 1071 310 1135 in
338 1070 423 1136 deos.
468 1068 537 1136 Nec
564 1093 642 1137 vero
664 1070 883 1156 Theophrasti
906 1069 1126 1137 inconstantia
1146 1069 1195 1136 fe·

182 1159 283 1225 renda
309 1163 372 1243 ost3
399 1159 497 1226 modo
524 1159 611 1225 enim
639 1159 740 1225 menti
767 1158 912 1225 divinum
935 1158 1052 1223 tribuit
1074 1157 1244 1243 princi-1⁰

182 1251 309 1333 patum,
342 1209 438 1314 niodo
469 1248 571 1334 caelo,
603 1252 674 1313 tum
702 1251 810 1314 autem
839 1246 941 1333 signis
969 1245 1194 1349 sideribusque

182 1336 386 1403 caelestibus.
422 1335 492 1403 Nec
514 1299 737 1439 audiendus
710 1357 779 1401 erus
797 1336 888 1438 audit
889 1358 926 1401 or
873 1334 983 1401 ttS
968 1335 1097 1421 trato,
1088 1357 1116 1401 rs
1135 1336 1194 1421 qui

182 1425 336 1511 physicus
364 1425 563 1511 appellatur,
590 1424 646 1511 qui
673 1445 802 1491 omnem
825 1424 892 1489 vim
915 1424 1090 1490 divinam
1080 1446 1115 1489 m
1136 1446 1194 1491 na·

182 1517 258 1579 tura
276 1513 375 1579 sitam
394 1535 464 1579 esse
482 1517 602 1598 censet,
625 1535 707 1599 quae
726 1534 839 1579 causas
858 1512 1021 1599 gignendi,
1043 1512 1194 1599 augendi,

182 1601 347 1667 minuendi
378 1602 512 1688 habeat,
544 1603 600 1668 sed
631 1598 742 1668 careat
773 1601 862 1668 omni
893 1623 990 1667 sensu
1016 1605 1050 1667 et
1076 1602 1193 1687 figura
1213 1620 1244 1662 1⁵

184 1690 560 1777 Zenotautem,ut1am
583 1690 624 1757 ad
645 1694 783 1775 vestros,
805 1689 916 1774 Balbe,
939 1690 1077 1792 veniam,
1099 1693 1194 1756 natu

182 1779 287 1845 ralem
305 1742 412 1865 legeni
428 1780 571 1846 divinam
589 1801 660 1845 csse
673 1782 793 1861 censet,
811 1800 946 1863 eamque
963 1779 1030 1844 ιιιιι
1045 1778 1195 1845 obtinere

182 1872 273 1934 recta
303 1868 519 1954 imperantem
547 1868 837 1954 prohibentemque
866 1868 1038 1934 contraria
1088 1865 1192 1943 Quam

182 1956 290 2042 legem
317 1978 381 2042 quo
409 1956 505 2024 modo
529 1956 649 2025 efficiat
672 1956 884 2039 animantem,
911 1955 1102 2042 intellegere
1125 1977 1194 2021 non

182 2065 371 2131 possumus3
407 2044 502 2111 deum
539 2049 647 2110 autem
684 2045 881 2110 animantem
918 2048 1005 2111 certe
1040 2044 1193 2111 volumus
1210 2063 1244 2104 ιο

184 2153 263 2199 esse.
308 2133 418 2219 Atque
444 2133 497 2199 hic
524 2133 609 2198 idem
637 2133 703 2199 alio
730 2133 801 2216 loco
830 2132 963 2199 aethera
984 2132 1080 2198 deum
1103 2132 1192 2218 dicit,
1300 2134 1301 2221 l

184 2221 213 2287 si
239 2222 389 2308 intellegi
414 2224 525 2324 potest
547 2221 630 2286 nihil
653 2225 725 2287 sent
710 2221 794 2286 tiens
818 2221 909 2305 deus,
936 2222 992 2306 qui
1013 2243 1193 2307 numquam
1300 2226 1301 2299 l

182 2310 279 2378 nobis
315 2310 455 2378 occurrit
485 2331 589 2394 neque
619 2309 654 2375 in
684 2310 833 2396 precibus
865 2330 970 2394 neque
1001 2310 1036 2376 in
1067 2311 1193 2395 optatis

183 2420 287 2484 neque
314 2399 349 2464 in
371 2399 471 2482 votis3
498 2399 572 2464 aliis
596 2402 705 2466 autern
728 2398 822 2465 libris
845 2398 1006 2467 rationem
1029 2399 1193 2501 quandam

184 2509 242 2573 per
279 2508 408 2554 omnem
443 2491 596 2553 naturam
627 2509 736 2553 rerum
767 2486 983 2572 pertinentem
1015 2487 1050 2552 ιι
1080 2487 1193 2554 divina
1209 2497 1242 2545 ιι
1300 2480 1301 2567 l

185 2596 255 2641 esse
283 2574 444 2643 adfectam
470 2578 575 2661 putat.
618 2572 789 2641 Idemt
737 2580 789 2640 ast
790 2575 835 2641 ris
862 2575 923 2642 hoc
950 2576 1036 2641 idem
1065 2575 1193 2661 tribuit,
1300 2580 1301 2603 ¹

184 2667 255 2731 tnm
278 2662 381 2749 annis,
403 2664 569 2729 mensibus
593 2685 813 2748 annorumque
832 2663 1076 2731 mutationibus
1108 2662 1192 2730 Cum

163 2773 261 2838 3vero
288 2714 425 2819 Hesiodi
455 2752 665 2855 theogeniam
698 2752 744 2834 [id
773 2756 824 2817 est
854 2752 1014 2839 originem
1044 2753 1192 2835 deorum]

165 2841 378 2926 [interpretat
378 2863 430 2926 ur,
451 2841 543 2907 tollit
565 2841 696 2909 omnino
720 2841 808 2906 usita
808 2844 860 2907 tas
885 2844 1115 2927 perceptasque
1141 2863 1193 2908 co

168 2924 348 3016 ἶιςιιιιιοιιοε
371 2930 517 3015 deorum3
539 2951 643 3015 neque
667 2929 752 2994 enirn
774 2928 885 2996 Iovem
907 2951 1011 3016 neque
1033 2928 1193 2996 Iunonem
1208 2946 1241 2989 so
1300 2948 1301 2993 l

184 3039 288 3103 neque
310 3017 393 3085 Vest
379 3022 447 3085 tam
475 3040 579 3104 neque
607 3039 814 3105 quemquam,
842 3018 898 3103 qui
924 3019 973 3084 ita
997 3018 1193 3122 appelletur,

167 3106 219 3187 ,in
247 3106 386 3174 deorum
405 3107 505 3173 habet
530 3128 680 3191 numero,
712 3105 768 3172 sed
794 3107 928 3172 rebus
917 3106 1070 3173 inanimis
1093 3111 1193 3194 atque
1300 3118 1301 3129 ¹

165 3194 285 3260 fmuris
307 3218 366 3281 per
385 3196 548 3281 quandam
568 3194 839 3281 significationem
857 3196 937 3263 haec
955 3196 1049 3262 docet
1066 3196 1195 3265 tributa
1300 3194 1301 3229 ³

131 3296 148 3348 ι
184 3284 325 3350 nomina.
370 3282 469 3350 Cuius
492 3283 642 3387 discipuli
666 3283 829 3350 Aristonis
851 3306 917 3349 non
941 3284 1048 3350 minus
1071 3307 1192 3371 magno
1300 3298 1301 3369 p

183 3373 218 3439 in
236 3394 344 3439 errore
363 3372 502 3438 sentent
493 3395 525 3438 ia
542 3377 602 3456 est,
625 3372 679 3458 qui
698 3393 802 3458 neque
819 3371 958 3438 formam
973 3372 1024 3439 dei
1042 3373 1193 3460 intellegi
1206 3391 1239 3433 aa

183 3483 280 3550 posse
307 3466 438 3527 censeat
464 3481 568 3546 neque
595 3461 628 3526 in
656 3460 723 3526 deis
747 3483 877 3527 sensum
900 3484 970 3528 esse
993 3462 1080 3528 dicat
1102 3462 1192 3528 dubi·

183 3554 296 3636 tetque
327 3549 473 3631 omnino,
506 3549 583 3614 deus
611 3549 759 3614 animans
786 3571 885 3616 necne
915 3550 967 3616 sit.
944 3549 1193 3618 tCleanthes
1300 3606 1301 3611 ,

129 1652 174 1782 e
