2652 3908
343 233 412 289 ΜΒ.
431 234 465 290 IL
486 222 561 290 c'AP.
580 242 624 303 43,
642 242 685 290 44„
704 240 720 301 e
740 240 888 290 ιιι-ιιι
1082 230 1123 296 8ἳ

111 376 196 443 Hinc
220 382 331 444 autem
355 379 520 463 aspicitur,
1127 387 1177 436 113

154 482 208 548 Ut
231 506 315 550 sese
339 485 549 551 ostendens
573 485 738 572 emergit
761 482 946 570 Scorpios
969 484 1050 549 alte

154 571 383 639 Posteriora
397 573 559 638 trahens
573 573 727 658 plexum
741 574 779 639 vi
793 572 968 657 eorporis
984 594 1125 654 arcum,

156 659 274 737 Quem
292 666 455 748 propter
470 662 600 727 nitens
614 662 745 747 pinnis
760 662 1010 728 convolvitur
1024 661 1125 724 Ales.

78 764 96 806 θ
155 749 209 814 At
240 754 403 836 propter
434 771 474 816 se
495 750 640 836 Aquila
669 750 823 817 ardenti
852 771 935 816 eum
964 769 1126 834 corpore

892 840 1038 924 portat.

107 943 239 1009 Deinde
261 944 454 1029 Delphinus,

154 1048 303 1115 Exinde
327 1048 447 1116 Orion
470 1046 632 1135 obliquo
655 1071 817 1136 corpore
839 1049 980 1116 nitens.

106 1171 216 1249 Quem
241 1175 442 1258 subsequens
1129 1184 1179 1233 114

156 1296 347 1363 Fervidus
374 1297 445 1362 ille
468 1295 585 1364 Oanis
610 1296 816 1364 stellarum
839 1298 924 1364 luce
947 1298 1127 1385 refulget.

64 1439 93 1480 rc
108 1420 197 1486 Post
219 1419 327 1507 Lepus
352 1420 563 1505 subsequitur

156 1525 404 1594 Curriculum
418 1549 623 1611 numquam
638 1527 790 1593 defesse
805 1550 966 1614 corpore
981 1528 1127 1593 sedans.

155 1615 212 1682 At
250 1613 374 1682 Oanis
416 1615 464 1681 ad
505 1615 662 1682 caudam
704 1638 863 1703 serpens
904 1616 1128 1703 prolabitur

157 1793 267 1858 Hanc
281 1791 395 1859 Aries
414 1792 517 1880 tegit
538 1796 576 1858 et
595 1814 801 1877 squamoso
820 1706 985 1880 sirigdie
995 1755 1127 1858 Eisces

155 1881 350 1947 Fluminis
382 1880 546 1947 inlustri
573 1885 795 1967 tangentem
823 1903 985 1969 corpore
1013 1882 1127 1968 ripas.

63 2024 91 2066 ra
109 2004 220 2082 Quem
243 1984 341 2092 longe
364 2009 549 2090 serpentem
572 2008 606 2070 et
629 2009 816 2071 manantem
839 2006 977 2092 aspicies

537 2131 776 2213 proceraque
799 2126 940 2194 Vincla
960 2129 1127 2214 videbis,

156 2215 263 2294 Quae
293 2216 467 2281 retinent
489 2215 620 2282 Pisces
650 2216 856 2282 caudarum
886 2240 906 2282 a
933 2223 1043 2303 parte
1071 2219 1127 2284 lo·
1177 2264 1180 2271 -

154 2393 251 2460 Inde
268 2391 399 2480 Nepae
421 2414 555 2459 earnes
579 2396 741 2479 propter
758 2310 957 2478 fulgceirttais
972 2357 1127 2461 acumen

156 2482 289 2566 Aram,
313 2504 424 2568 quam
447 2482 551 2547 flatu
573 2481 789 2567 permulcet
808 2482 973 2568 spiritus
993 2483 1127 2549 austri.

67 2626 98 2669 ao
112 2606 320 2693 Propterque
343 2603 525 2672 Centaurus

157 2711 271 2779 Cedit
315 2711 414 2795 Equi
459 2711 586 2798 partis
631 2733 847 2798 properans
893 2712 1128 2815 subiungere

156 2888 231 2956 Hie
257 2887 432 2954 dextram
459 2909 641 2975 purgone,
669 2799 1128 2975 quadrupescdluedliaata

157 3064 300 3132 Tendit
342 3069 381 3131 et
416 3065 624 3131 inlustrem
661 2981 1047 3132 truculentiiniidll
1082 3066 1128 3133 ad

156 3242 231 3308 Hie
254 3263 340 3309 sese
362 3241 529 3308 inferni·
554 3263 572 3307 e
594 3242 775 3328 partibus
799 3154 1087 3329 erigitAilayldia,

67 3385 95 3428 re
108 3368 205 3434 cuius
228 3367 327 3454 longe
351 3387 468 3452 corpus
491 3369 543 3431 est
564 3366 683 3450 fusum,

157 3472 202 3538 ln
224 3472 427 3558 medioque
450 3471 537 3537 sinu
558 3472 716 3558 fulgens
739 3470 902 3538 Cratera
924 3472 1083 3538 relucet.

158 3561 380 3626 Extremam
402 3560 533 3626 nitens
555 3560 730 3645 plumato
753 3581 916 3646 corpore
939 3558 1087 3627 Corvus
