<?xml version="1.0" encoding="UTF-8"?>
<!DOCTYPE html PUBLIC "-//W3C//DTD XHTML 1.0 Transitional//EN"
    "http://www.w3.org/TR/xhtml1/DTD/xhtml1-transitional.dtd">
<html xmlns="http://www.w3.org/1999/xhtml" xml:lang="en" lang="en">
 <head>
  <title>
</title>
<meta http-equiv="Content-Type" content="text/html;charset=utf-8" />
  <meta name='ocr-system' content='tesseract 3.04.00' />
  <meta name='ocr-capabilities' content='ocr_page ocr_carea ocr_par ocr_line ocrx_word'/>
</head>
<body>
  <div class='ocr_page' id='page_1' title='image "./mtulliiciceroni00salegoog_0198.png"; bbox 0 0 2652 3908; ppageno 0'>
   <div class='ocr_carea' id='block_1_1' title="bbox 411 221 1131 293">
    <p class='ocr_par' dir='ltr' id='par_1_1' title="bbox 411 221 1131 293">
     <span class='ocr_line' id='line_1_1' title="bbox 411 221 1131 293; baseline 0.021 -19"><span class='ocrx_word' id='word_1_1' title='bbox 411 221 479 278; x_wconf 69' lang='grc' dir='ltr'><strong>ΜΒ.</strong></span> <span class='ocrx_word' id='word_1_2' title='bbox 498 223 519 278; x_wconf 88' lang='lat'><strong>1.</strong></span> <span class='ocrx_word' id='word_1_3' title='bbox 543 222 619 277; x_wconf 79' lang='lat' dir='ltr'><strong>cnP.</strong></span> <span class='ocrx_word' id='word_1_4' title='bbox 640 231 665 293; x_wconf 85' lang='lat'><strong>1,</strong></span> <span class='ocrx_word' id='word_1_5' title='bbox 683 231 709 282; x_wconf 82' lang='lat' dir='ltr'><strong>a.</strong></span> <span class='ocrx_word' id='word_1_6' title='bbox 732 230 844 291; x_wconf 71' lang='lat'><strong>§1—4.</strong></span> <span class='ocrx_word' id='word_1_7' title='bbox 1067 223 1131 289; x_wconf 77' lang='lat'><strong>145</strong></span> 
     </span>
    </p>
   </div>
   <div class='ocr_carea' id='block_1_2' title="bbox 79 366 1167 3200">
    <p class='ocr_par' dir='ltr' id='par_1_2' title="bbox 79 366 1167 3200">
     <span class='ocr_line' id='line_1_2' title="bbox 123 366 1130 454; baseline 0.001 -21"><span class='ocrx_word' id='word_1_8' title='bbox 123 371 221 452; x_wconf 85' lang='lat' dir='ltr'><strong>atque</strong></span> <span class='ocrx_word' id='word_1_9' title='bbox 244 366 375 432; x_wconf 89' lang='lat' dir='ltr'><strong>doctam</strong></span> <span class='ocrx_word' id='word_1_10' title='bbox 397 389 501 452; x_wconf 88' lang='lat' dir='ltr'><strong>neque</strong></span> <span class='ocrx_word' id='word_1_11' title='bbox 523 370 593 433; x_wconf 90' lang='lat' dir='ltr'><strong>tam</strong></span> <span class='ocrx_word' id='word_1_12' title='bbox 614 368 778 434; x_wconf 88' lang='lat' dir='ltr'><strong>inmanem</strong></span> <span class='ocrx_word' id='word_1_13' title='bbox 796 371 929 454; x_wconf 86' lang='lat' dir='ltr'><strong>tamque</strong></span> <span class='ocrx_word' id='word_1_14' title='bbox 946 368 1130 452; x_wconf 91' lang='lat' dir='ltr'><strong>barbaram,</strong></span> 
     </span>
     <span class='ocr_line' id='line_1_3' title="bbox 123 454 1128 542; baseline 0.002 -22"><span class='ocrx_word' id='word_1_15' title='bbox 123 477 205 541; x_wconf 89' lang='lat' dir='ltr'><strong>quae</strong></span> <span class='ocrx_word' id='word_1_16' title='bbox 231 477 300 521; x_wconf 92' lang='lat' dir='ltr'><strong>non</strong></span> <span class='ocrx_word' id='word_1_17' title='bbox 326 454 505 542; x_wconf 88' lang='lat' dir='ltr'><strong>significari</strong></span> <span class='ocrx_word' id='word_1_18' title='bbox 530 455 644 523; x_wconf 76' lang='lat' dir='ltr'><strong>futura</strong></span> <span class='ocrx_word' id='word_1_19' title='bbox 665 460 700 522; x_wconf 88' lang='lat' dir='ltr'><strong>et</strong></span> <span class='ocrx_word' id='word_1_20' title='bbox 721 479 742 523; x_wconf 91' lang='lat' dir='ltr'><strong>a</strong></span> <span class='ocrx_word' id='word_1_21' title='bbox 764 457 958 542; x_wconf 90' lang='lat' dir='ltr'><strong>quibusdam</strong></span> <span class='ocrx_word' id='word_1_22' title='bbox 980 457 1093 523; x_wconf 88' lang='lat' dir='ltr'><strong>intelle</strong></span> <span class='ocrx_word' id='word_1_23' title='bbox 1120 455 1128 471; x_wconf 73' lang='lat'><em>⁶</em></span> 
     </span>
     <span class='ocr_line' id='line_1_4' title="bbox 122 543 1108 631; baseline 0.003 -23"><span class='ocrx_word' id='word_1_24' title='bbox 122 543 328 629; x_wconf 74' lang='lat' dir='ltr'>praedicique</span> <span class='ocrx_word' id='word_1_25' title='bbox 357 565 453 629; x_wconf 88' lang='lat' dir='ltr'><strong>posse</strong></span> <span class='ocrx_word' id='word_1_26' title='bbox 482 547 620 611; x_wconf 88' lang='lat' dir='ltr'><strong>censeat.</strong></span> <span class='ocrx_word' id='word_1_27' title='bbox 664 543 829 631; x_wconf 88' lang='lat' dir='ltr'><strong>Principio</strong></span> <span class='ocrx_word' id='word_1_28' title='bbox 851 544 994 630; x_wconf 78' lang='lat' dir='ltr'><strong>Assyrii,</strong></span> <span class='ocrx_word' id='word_1_29' title='bbox 1023 549 1061 612; x_wconf 93' lang='lat' dir='ltr'><strong>ut</strong></span> <span class='ocrx_word' id='word_1_30' title='bbox 1087 567 1108 611; x_wconf 89' lang='lat' dir='ltr'><strong>a</strong></span> 
     </span>
     <span class='ocr_line' id='line_1_5' title="bbox 122 632 1129 719; baseline 0.003 -22"><span class='ocrx_word' id='word_1_31' title='bbox 122 632 257 698; x_wconf 79' lang='lat' dir='ltr'><strong>ultumis</strong></span> <span class='ocrx_word' id='word_1_32' title='bbox 281 632 510 699; x_wconf 88' lang='lat' dir='ltr'><strong>auctoritatem</strong></span> <span class='ocrx_word' id='word_1_33' title='bbox 532 635 688 718; x_wconf 87' lang='lat' dir='ltr'><strong>repetam,</strong></span> <span class='ocrx_word' id='word_1_34' title='bbox 709 637 845 719; x_wconf 89' lang='lat' dir='ltr'><strong>propter</strong></span> <span class='ocrx_word' id='word_1_35' title='bbox 866 633 1040 719; x_wconf 79' lang='lat' dir='ltr'><strong>planitiam</strong></span> <span class='ocrx_word' id='word_1_36' title='bbox 1062 656 1129 700; x_wconf 88' lang='lat' dir='ltr'><strong>ma·</strong></span> 
     </span>
     <span class='ocr_line' id='line_1_6' title="bbox 95 720 1130 808; baseline 0.009 -28"><span class='ocrx_word' id='word_1_37' title='bbox 95 720 390 808; x_wconf 76' lang='lat' dir='ltr'><strong>egritudinemque</strong></span> <span class='ocrx_word' id='word_1_38' title='bbox 407 721 588 807; x_wconf 89' lang='lat' dir='ltr'><strong>regionum,</strong></span> <span class='ocrx_word' id='word_1_39' title='bbox 605 742 686 807; x_wconf 87' lang='lat' dir='ltr'><strong>quas</strong></span> <span class='ocrx_word' id='word_1_40' title='bbox 700 721 896 806; x_wconf 86' lang='lat' dir='ltr'><strong>incolebant,</strong></span> <span class='ocrx_word' id='word_1_41' title='bbox 914 744 988 788; x_wconf 90' lang='lat' dir='ltr'><strong>cum</strong></span> <span class='ocrx_word' id='word_1_42' title='bbox 1002 722 1130 789; x_wconf 88' lang='lat' dir='ltr'><strong>caelum</strong></span> 
     </span>
     <span class='ocr_line' id='line_1_7' title="bbox 123 809 1129 895; baseline 0.004 -21"><span class='ocrx_word' id='word_1_43' title='bbox 123 831 163 874; x_wconf 87' lang='lat' dir='ltr'><strong>ex</strong></span> <span class='ocrx_word' id='word_1_44' title='bbox 185 809 274 875; x_wconf 90' lang='lat' dir='ltr'><strong>omni</strong></span> <span class='ocrx_word' id='word_1_45' title='bbox 295 811 389 894; x_wconf 83' lang='lat' dir='ltr'><strong>parte</strong></span> <span class='ocrx_word' id='word_1_46' title='bbox 410 812 528 894; x_wconf 90' lang='lat' dir='ltr'><strong>patens</strong></span> <span class='ocrx_word' id='word_1_47' title='bbox 547 812 644 894; x_wconf 88' lang='lat' dir='ltr'><strong>atque</strong></span> <span class='ocrx_word' id='word_1_48' title='bbox 662 813 811 895; x_wconf 87' lang='lat' dir='ltr'><strong>apertum</strong></span> <span class='ocrx_word' id='word_1_49' title='bbox 829 809 1041 895; x_wconf 74' lang='lat' dir='ltr'><strong>intuerentur,</strong></span> <span class='ocrx_word' id='word_1_50' title='bbox 1063 815 1129 878; x_wconf 87' lang='lat' dir='ltr'><strong>tra·</strong></span> 
     </span>
     <span class='ocr_line' id='line_1_8' title="bbox 122 897 1129 985; baseline 0.004 -23"><span class='ocrx_word' id='word_1_51' title='bbox 122 897 277 964; x_wconf 88' lang='lat' dir='ltr'><strong>iectiones</strong></span> <span class='ocrx_word' id='word_1_52' title='bbox 298 900 471 982; x_wconf 87' lang='lat' dir='ltr'><strong>motusque</strong></span> <span class='ocrx_word' id='word_1_53' title='bbox 493 898 665 964; x_wconf 87' lang='lat' dir='ltr'><strong>stellarum</strong></span> <span class='ocrx_word' id='word_1_54' title='bbox 688 898 984 985; x_wconf 82' lang='lat' dir='ltr'><strong>obserritaveruut,</strong></span> <span class='ocrx_word' id='word_1_55' title='bbox 1011 898 1129 984; x_wconf 90' lang='lat' dir='ltr'><strong>quibua</strong></span> 
     </span>
     <span class='ocr_line' id='line_1_9' title="bbox 123 985 1129 1074; baseline 0.005 -24"><span class='ocrx_word' id='word_1_56' title='bbox 123 986 255 1071; x_wconf 89' lang='lat' dir='ltr'><strong>notatis,</strong></span> <span class='ocrx_word' id='word_1_57' title='bbox 280 985 357 1072; x_wconf 91' lang='lat' dir='ltr'><strong>quid</strong></span> <span class='ocrx_word' id='word_1_58' title='bbox 379 985 493 1071; x_wconf 88' lang='lat' dir='ltr'><strong>cuique</strong></span> <span class='ocrx_word' id='word_1_59' title='bbox 516 986 763 1073; x_wconf 85' lang='lat' dir='ltr'><strong>significaretur,</strong></span> <span class='ocrx_word' id='word_1_60' title='bbox 785 987 961 1054; x_wconf 88' lang='lat' dir='ltr'><strong>memoriae</strong></span> <span class='ocrx_word' id='word_1_61' title='bbox 983 987 1129 1074; x_wconf 89' lang='lat' dir='ltr'><strong>prodide-</strong></span> 
     </span>
     <span class='ocr_line' id='line_1_10' title="bbox 122 1072 1130 1160; baseline 0.003 -21"><span class='ocrx_word' id='word_1_62' title='bbox 122 1077 208 1139; x_wconf 87' lang='lat' dir='ltr'><strong>runt.</strong></span> <span class='ocrx_word' id='word_1_63' title='bbox 253 1072 324 1151; x_wconf 80' lang='lat' dir='ltr'><strong>Qua</strong></span> <span class='ocrx_word' id='word_1_64' title='bbox 348 1074 385 1140; x_wconf 91' lang='lat' dir='ltr'><strong>in</strong></span> <span class='ocrx_word' id='word_1_65' title='bbox 405 1074 538 1141; x_wconf 89' lang='lat' dir='ltr'><strong>natione</strong></span> <span class='ocrx_word' id='word_1_66' title='bbox 560 1072 716 1141; x_wconf 77' lang='lat' dir='ltr'><strong>Chaldaei</strong></span> <span class='ocrx_word' id='word_1_67' title='bbox 737 1097 805 1143; x_wconf 91' lang='lat' dir='ltr'><strong>non</strong></span> <span class='ocrx_word' id='word_1_68' title='bbox 826 1097 866 1142; x_wconf 86' lang='lat' dir='ltr'><strong>ex</strong></span> <span class='ocrx_word' id='word_1_69' title='bbox 889 1075 984 1160; x_wconf 88' lang='lat' dir='ltr'><strong>artis,</strong></span> <span class='ocrx_word' id='word_1_70' title='bbox 1010 1076 1068 1143; x_wconf 89' lang='lat' dir='ltr'><strong>sed</strong></span> <span class='ocrx_word' id='word_1_71' title='bbox 1090 1098 1130 1143; x_wconf 86' lang='lat' dir='ltr'><strong>ex</strong></span> 
     </span>
     <span class='ocr_line' id='line_1_11' title="bbox 83 1162 1129 1249; baseline 0.01 -27"><span class='ocrx_word' id='word_1_72' title='bbox 83 1184 109 1223; x_wconf 86' lang='grc' dir='ltr'><strong>ιο</strong></span> <span class='ocrx_word' id='word_1_73' title='bbox 124 1162 231 1249; x_wconf 86' lang='lat' dir='ltr'><strong>gentis</strong></span> <span class='ocrx_word' id='word_1_74' title='bbox 258 1162 418 1230; x_wconf 85' lang='lat' dir='ltr'><strong>vocabulo</strong></span> <span class='ocrx_word' id='word_1_75' title='bbox 439 1163 599 1229; x_wconf 89' lang='lat' dir='ltr'><strong>nominati</strong></span> <span class='ocrx_word' id='word_1_76' title='bbox 622 1164 776 1249; x_wconf 88' lang='lat' dir='ltr'><strong>diuturna</strong></span> <span class='ocrx_word' id='word_1_77' title='bbox 797 1164 1026 1232; x_wconf 84' lang='lat' dir='ltr'><strong>observatione</strong></span> <span class='ocrx_word' id='word_1_78' title='bbox 1049 1164 1129 1232; x_wconf 82' lang='lat' dir='ltr'><strong>side</strong></span> 
     </span>
     <span class='ocr_line' id='line_1_12' title="bbox 122 1250 1130 1340; baseline 0.004 -24"><span class='ocrx_word' id='word_1_79' title='bbox 122 1274 195 1316; x_wconf 92' lang='lat' dir='ltr'><strong>rum</strong></span> <span class='ocrx_word' id='word_1_80' title='bbox 222 1250 390 1317; x_wconf 88' lang='lat' dir='ltr'><strong>scientium</strong></span> <span class='ocrx_word' id='word_1_81' title='bbox 416 1254 575 1337; x_wconf 88' lang='lat' dir='ltr'><strong>putantur</strong></span> <span class='ocrx_word' id='word_1_82' title='bbox 601 1252 758 1339; x_wconf 87' lang='lat' dir='ltr'><strong>effecisse,</strong></span> <span class='ocrx_word' id='word_1_83' title='bbox 784 1257 822 1318; x_wconf 92' lang='lat' dir='ltr'><strong>ut</strong></span> <span class='ocrx_word' id='word_1_84' title='bbox 843 1253 986 1339; x_wconf 81' lang='lat' dir='ltr'><strong>praedici</strong></span> <span class='ocrx_word' id='word_1_85' title='bbox 1008 1257 1130 1340; x_wconf 88' lang='lat' dir='ltr'><strong>posset,</strong></span> 
     </span>
     <span class='ocr_line' id='line_1_13' title="bbox 123 1340 1129 1426; baseline 0.004 -21"><span class='ocrx_word' id='word_1_86' title='bbox 123 1340 199 1424; x_wconf 92' lang='lat' dir='ltr'><strong>quid</strong></span> <span class='ocrx_word' id='word_1_87' title='bbox 218 1340 332 1425; x_wconf 92' lang='lat' dir='ltr'><strong>cuique</strong></span> <span class='ocrx_word' id='word_1_88' title='bbox 350 1342 541 1406; x_wconf 85' lang='lat' dir='ltr'><strong>eventurum</strong></span> <span class='ocrx_word' id='word_1_89' title='bbox 559 1343 593 1406; x_wconf 91' lang='lat' dir='ltr'><strong>et</strong></span> <span class='ocrx_word' id='word_1_90' title='bbox 607 1363 670 1426; x_wconf 90' lang='lat' dir='ltr'><strong>quo</strong></span> <span class='ocrx_word' id='word_1_91' title='bbox 686 1340 821 1426; x_wconf 88' lang='lat' dir='ltr'><strong>quisque</strong></span> <span class='ocrx_word' id='word_1_92' title='bbox 834 1341 905 1407; x_wconf 84' lang='lat' dir='ltr'><strong>fato</strong></span> <span class='ocrx_word' id='word_1_93' title='bbox 922 1346 1020 1408; x_wconf 90' lang='lat' dir='ltr'><strong>natus</strong></span> <span class='ocrx_word' id='word_1_94' title='bbox 1034 1346 1129 1409; x_wconf 86' lang='lat' dir='ltr'><strong>esset.</strong></span> 
     </span>
     <span class='ocr_line' id='line_1_14' title="bbox 121 1427 1129 1517; baseline 0.004 -24"><span class='ocrx_word' id='word_1_95' title='bbox 121 1428 268 1494; x_wconf 82' lang='lat' dir='ltr'><strong>Eandem</strong></span> <span class='ocrx_word' id='word_1_96' title='bbox 295 1431 400 1494; x_wconf 85' lang='lat' dir='ltr'><strong>artem</strong></span> <span class='ocrx_word' id='word_1_97' title='bbox 427 1429 527 1494; x_wconf 87' lang='lat' dir='ltr'><strong>etiam</strong></span> <span class='ocrx_word' id='word_1_98' title='bbox 554 1427 711 1516; x_wconf 84' lang='lat' dir='ltr'><strong>Aegyptii</strong></span> <span class='ocrx_word' id='word_1_99' title='bbox 737 1429 978 1517; x_wconf 81' lang='lat' dir='ltr'><strong>longinquitate</strong></span> <span class='ocrx_word' id='word_1_100' title='bbox 1005 1433 1129 1517; x_wconf 89' lang='lat' dir='ltr'><strong>tempo·</strong></span> 
     </span>
     <span class='ocr_line' id='line_1_15' title="bbox 122 1516 1128 1606; baseline 0.005 -25"><span class='ocrx_word' id='word_1_101' title='bbox 122 1539 194 1582; x_wconf 90' lang='lat' dir='ltr'><strong>rum</strong></span> <span class='ocrx_word' id='word_1_102' title='bbox 212 1516 503 1582; x_wconf 88' lang='lat' dir='ltr'><strong>innumerabilibus</strong></span> <span class='ocrx_word' id='word_1_103' title='bbox 516 1538 619 1602; x_wconf 89' lang='lat' dir='ltr'><strong>paene</strong></span> <span class='ocrx_word' id='word_1_104' title='bbox 633 1517 771 1584; x_wconf 88' lang='lat' dir='ltr'><strong>saeculis</strong></span> <span class='ocrx_word' id='word_1_105' title='bbox 784 1519 949 1586; x_wconf 76' lang='lat' dir='ltr'><strong>consecuti</strong></span> <span class='ocrx_word' id='word_1_106' title='bbox 961 1522 1128 1606; x_wconf 87' lang='lat' dir='ltr'><strong>putantur.</strong></span> 
     </span>
     <span class='ocr_line' id='line_1_16' title="bbox 82 1604 1130 1694; baseline 0.009 -29"><span class='ocrx_word' id='word_1_107' title='bbox 82 1627 108 1666; x_wconf 77' lang='lat' dir='ltr'><strong>ra</strong></span> <span class='ocrx_word' id='word_1_108' title='bbox 122 1604 259 1672; x_wconf 82' lang='lat' dir='ltr'><strong>Cilicum</strong></span> <span class='ocrx_word' id='word_1_109' title='bbox 295 1608 405 1670; x_wconf 91' lang='lat' dir='ltr'><strong>autem</strong></span> <span class='ocrx_word' id='word_1_110' title='bbox 441 1608 476 1671; x_wconf 91' lang='lat' dir='ltr'><strong>et</strong></span> <span class='ocrx_word' id='word_1_111' title='bbox 502 1604 689 1672; x_wconf 87' lang='lat' dir='ltr'><strong>Pisidarum</strong></span> <span class='ocrx_word' id='word_1_112' title='bbox 720 1627 800 1694; x_wconf 88' lang='lat' dir='ltr'><strong>gens</strong></span> <span class='ocrx_word' id='word_1_113' title='bbox 832 1610 866 1673; x_wconf 90' lang='lat' dir='ltr'><strong>et</strong></span> <span class='ocrx_word' id='word_1_114' title='bbox 896 1606 949 1674; x_wconf 90' lang='lat' dir='ltr'><strong>his</strong></span> <span class='ocrx_word' id='word_1_115' title='bbox 979 1607 1130 1674; x_wconf 88' lang='lat' dir='ltr'><strong>finituma</strong></span> 
     </span>
     <span class='ocr_line' id='line_1_17' title="bbox 121 1692 1129 1781; baseline 0.004 -23"><span class='ocrx_word' id='word_1_116' title='bbox 121 1692 324 1779; x_wconf 77' lang='lat' dir='ltr'><strong>Pamphylia,</strong></span> <span class='ocrx_word' id='word_1_117' title='bbox 347 1692 465 1778; x_wconf 90' lang='lat' dir='ltr'><strong>quibua</strong></span> <span class='ocrx_word' id='word_1_118' title='bbox 486 1693 675 1760; x_wconf 89' lang='lat' dir='ltr'><strong>nationibus</strong></span> <span class='ocrx_word' id='word_1_119' title='bbox 697 1694 896 1780; x_wconf 83' lang='lat' dir='ltr'><strong>praefuimus</strong></span> <span class='ocrx_word' id='word_1_120' title='bbox 918 1695 991 1781; x_wconf 90' lang='lat' dir='ltr'><strong>ipsi,</strong></span> <span class='ocrx_word' id='word_1_121' title='bbox 1013 1696 1129 1762; x_wconf 82' lang='lat' dir='ltr'><strong>volati-</strong></span> 
     </span>
     <span class='ocr_line' id='line_1_18' title="bbox 121 1781 1128 1871; baseline 0.004 -24"><span class='ocrx_word' id='word_1_122' title='bbox 121 1782 183 1847; x_wconf 91' lang='lat' dir='ltr'><strong>bus</strong></span> <span class='ocrx_word' id='word_1_123' title='bbox 207 1781 316 1847; x_wconf 81' lang='lat' dir='ltr'><strong>avium</strong></span> <span class='ocrx_word' id='word_1_124' title='bbox 338 1782 552 1868; x_wconf 88' lang='lat' dir='ltr'><strong>cantibusque</strong></span> <span class='ocrx_word' id='word_1_125' title='bbox 573 1789 610 1849; x_wconf 83' lang='lat' dir='ltr'><strong>ut</strong></span> <span class='ocrx_word' id='word_1_126' title='bbox 630 1782 821 1850; x_wconf 86' lang='lat' dir='ltr'><strong>certissimis</strong></span> <span class='ocrx_word' id='word_1_127' title='bbox 844 1784 946 1871; x_wconf 87' lang='lat' dir='ltr'><strong>signis</strong></span> <span class='ocrx_word' id='word_1_128' title='bbox 970 1784 1128 1851; x_wconf 87' lang='lat' dir='ltr'><strong>declarari</strong></span> 
     </span>
     <span class='ocr_line' id='line_1_19' title="bbox 121 1868 1163 1956; baseline 0.004 -21"><span class='ocrx_word' id='word_1_129' title='bbox 121 1890 173 1935; x_wconf 93' lang='lat' dir='ltr'><strong>res</strong></span> <span class='ocrx_word' id='word_1_130' title='bbox 195 1869 323 1935; x_wconf 89' lang='lat' dir='ltr'><strong>futuras</strong></span> <span class='ocrx_word' id='word_1_131' title='bbox 346 1873 472 1956; x_wconf 87' lang='lat' dir='ltr'><strong>putant.</strong></span> <span class='ocrx_word' id='word_1_132' title='bbox 509 1868 613 1947; x_wconf 83' lang='lat' dir='ltr'><strong>Quam</strong></span> <span class='ocrx_word' id='word_1_133' title='bbox 635 1893 712 1938; x_wconf 84' lang='lat' dir='ltr'><strong>vero</strong></span> <span class='ocrx_word' id='word_1_134' title='bbox 737 1870 874 1939; x_wconf 82' lang='lat' dir='ltr'><strong>Graecia</strong></span> <span class='ocrx_word' id='word_1_135' title='bbox 891 1872 1052 1939; x_wconf 89' lang='lat' dir='ltr'><strong>coloniam</strong></span> <span class='ocrx_word' id='word_1_136' title='bbox 1070 1873 1163 1939; x_wconf 72' lang='lat' dir='ltr'><strong>nri-a</strong></span> 
     </span>
     <span class='ocr_line' id='line_1_20' title="bbox 122 1956 1128 2045; baseline 0.004 -22"><span class='ocrx_word' id='word_1_137' title='bbox 122 1958 165 2024; x_wconf 89' lang='lat' dir='ltr'><strong>sit</strong></span> <span class='ocrx_word' id='word_1_138' title='bbox 187 1958 223 2024; x_wconf 93' lang='lat' dir='ltr'><strong>in</strong></span> <span class='ocrx_word' id='word_1_139' title='bbox 240 1956 399 2043; x_wconf 78' lang='lat' dir='ltr'><strong>Aeoliam,</strong></span> <span class='ocrx_word' id='word_1_140' title='bbox 420 1957 556 2045; x_wconf 90' lang='lat' dir='ltr'><strong>Ioniam,</strong></span> <span class='ocrx_word' id='word_1_141' title='bbox 579 1959 704 2045; x_wconf 82' lang='lat' dir='ltr'><strong>Asiam,</strong></span> <span class='ocrx_word' id='word_1_142' title='bbox 726 1957 880 2045; x_wconf 83' lang='lat' dir='ltr'><strong>Siciliam,</strong></span> <span class='ocrx_word' id='word_1_143' title='bbox 902 1959 1035 2027; x_wconf 90' lang='lat' dir='ltr'><strong>Italiam</strong></span> <span class='ocrx_word' id='word_1_144' title='bbox 1057 1961 1128 2027; x_wconf 86' lang='lat' dir='ltr'><strong>sine</strong></span> 
     </span>
     <span class='ocr_line' id='line_1_21' title="bbox 81 2044 1129 2132; baseline 0.004 -20"><span class='ocrx_word' id='word_1_145' title='bbox 81 2065 108 2104; x_wconf 77' lang='lat'><strong>20</strong></span> <span class='ocrx_word' id='word_1_146' title='bbox 120 2044 241 2132; x_wconf 86' lang='lat' dir='ltr'><strong>Pythio</strong></span> <span class='ocrx_word' id='word_1_147' title='bbox 273 2050 330 2113; x_wconf 89' lang='lat' dir='ltr'><strong>aut</strong></span> <span class='ocrx_word' id='word_1_148' title='bbox 361 2046 538 2114; x_wconf 90' lang='lat' dir='ltr'><strong>Dodonaeo</strong></span> <span class='ocrx_word' id='word_1_149' title='bbox 569 2052 628 2115; x_wconf 90' lang='lat' dir='ltr'><strong>aut</strong></span> <span class='ocrx_word' id='word_1_150' title='bbox 658 2048 850 2117; x_wconf 89' lang='lat' dir='ltr'><strong>Hammonis</strong></span> <span class='ocrx_word' id='word_1_151' title='bbox 883 2049 1036 2116; x_wconf 82' lang='lat' dir='ltr'><strong>oraculo?</strong></span> <span class='ocrx_word' id='word_1_152' title='bbox 1070 2053 1129 2117; x_wconf 90' lang='lat' dir='ltr'><strong>aut</strong></span> 
     </span>
     <span class='ocr_line' id='line_1_22' title="bbox 120 2135 1128 2223; baseline 0.003 -22"><span class='ocrx_word' id='word_1_153' title='bbox 120 2135 207 2221; x_wconf 91' lang='lat' dir='ltr'><strong>quod</strong></span> <span class='ocrx_word' id='word_1_154' title='bbox 234 2136 357 2201; x_wconf 89' lang='lat' dir='ltr'><strong>bellum</strong></span> <span class='ocrx_word' id='word_1_155' title='bbox 385 2140 572 2223; x_wconf 85' lang='lat' dir='ltr'><strong>susceptum</strong></span> <span class='ocrx_word' id='word_1_156' title='bbox 599 2138 641 2204; x_wconf 91' lang='lat' dir='ltr'><strong>ab</strong></span> <span class='ocrx_word' id='word_1_157' title='bbox 669 2160 708 2204; x_wconf 92' lang='lat' dir='ltr'><strong>ea</strong></span> <span class='ocrx_word' id='word_1_158' title='bbox 734 2139 804 2204; x_wconf 85' lang='lat' dir='ltr'><strong>sine</strong></span> <span class='ocrx_word' id='word_1_159' title='bbox 831 2137 966 2205; x_wconf 88' lang='lat' dir='ltr'><strong>consilio</strong></span> <span class='ocrx_word' id='word_1_160' title='bbox 994 2137 1128 2205; x_wconf 85' lang='lat' dir='ltr'><strong>deorum</strong></span> 
     </span>
     <span class='ocr_line' id='line_1_23' title="bbox 120 2222 1167 2313; baseline 0.003 -23"><span class='ocrx_word' id='word_1_161' title='bbox 120 2224 192 2290; x_wconf 81' lang='lat' dir='ltr'><strong>est?</strong></span> <span class='ocrx_word' id='word_1_162' title='bbox 236 2222 306 2292; x_wconf 87' lang='lat' dir='ltr'><strong>Nec</strong></span> <span class='ocrx_word' id='word_1_163' title='bbox 334 2246 435 2291; x_wconf 90' lang='lat' dir='ltr'><strong>unum</strong></span> <span class='ocrx_word' id='word_1_164' title='bbox 464 2246 567 2313; x_wconf 87' lang='lat' dir='ltr'><strong>genus</strong></span> <span class='ocrx_word' id='word_1_165' title='bbox 596 2231 646 2293; x_wconf 90' lang='lat' dir='ltr'><strong>est</strong></span> <span class='ocrx_word' id='word_1_166' title='bbox 673 2226 882 2293; x_wconf 82' lang='lat' dir='ltr'><strong>divinationis</strong></span> <span class='ocrx_word' id='word_1_167' title='bbox 908 2225 1038 2313; x_wconf 90' lang='lat' dir='ltr'><strong>publice</strong></span> <span class='ocrx_word' id='word_1_168' title='bbox 1063 2227 1167 2313; x_wconf 81' lang='lat' dir='ltr'><strong>pri-2</strong></span> 
     </span>
     <span class='ocr_line' id='line_1_24' title="bbox 119 2313 1128 2402; baseline 0.006 -25"><span class='ocrx_word' id='word_1_169' title='bbox 119 2313 287 2397; x_wconf 82' lang='lat' dir='ltr'><strong>vatimque</strong></span> <span class='ocrx_word' id='word_1_170' title='bbox 309 2313 518 2380; x_wconf 89' lang='lat' dir='ltr'><strong>celebratum.</strong></span> <span class='ocrx_word' id='word_1_171' title='bbox 563 2313 663 2399; x_wconf 90' lang='lat' dir='ltr'><strong>Nam,</strong></span> <span class='ocrx_word' id='word_1_172' title='bbox 691 2318 729 2380; x_wconf 93' lang='lat' dir='ltr'><strong>ut</strong></span> <span class='ocrx_word' id='word_1_173' title='bbox 751 2315 902 2381; x_wconf 89' lang='lat' dir='ltr'><strong>omittam</strong></span> <span class='ocrx_word' id='word_1_174' title='bbox 925 2318 1051 2383; x_wconf 88' lang='lat' dir='ltr'><strong>ceteros</strong></span> <span class='ocrx_word' id='word_1_175' title='bbox 1072 2338 1128 2402; x_wconf 81' lang='lat' dir='ltr'><strong>po</strong></span> 
     </span>
     <span class='ocr_line' id='line_1_25' title="bbox 120 2402 1129 2491; baseline 0.004 -25"><span class='ocrx_word' id='word_1_176' title='bbox 120 2402 225 2487; x_wconf 92' lang='lat' dir='ltr'><strong>pulos,</strong></span> <span class='ocrx_word' id='word_1_177' title='bbox 242 2404 355 2466; x_wconf 85' lang='lat' dir='ltr'><strong>noster</strong></span> <span class='ocrx_word' id='word_1_178' title='bbox 373 2423 471 2486; x_wconf 91' lang='lat' dir='ltr'><strong>quam</strong></span> <span class='ocrx_word' id='word_1_179' title='bbox 489 2402 595 2468; x_wconf 88' lang='lat' dir='ltr'><strong>multa</strong></span> <span class='ocrx_word' id='word_1_180' title='bbox 613 2424 733 2491; x_wconf 88' lang='lat' dir='ltr'><strong>genera</strong></span> <span class='ocrx_word' id='word_1_181' title='bbox 750 2404 925 2488; x_wconf 87' lang='lat' dir='ltr'><strong>conplexus</strong></span> <span class='ocrx_word' id='word_1_182' title='bbox 944 2404 1008 2471; x_wconf 88' lang='lat' dir='ltr'><strong>estl</strong></span> <span class='ocrx_word' id='word_1_183' title='bbox 1036 2402 1129 2470; x_wconf 89' lang='lat' dir='ltr'><strong>Priu-</strong></span> 
     </span>
     <span class='ocr_line' id='line_1_26' title="bbox 80 2488 1127 2578; baseline 0.006 -25"><span class='ocrx_word' id='word_1_184' title='bbox 80 2503 107 2546; x_wconf 59' lang='grc' dir='ltr'>π</span> <span class='ocrx_word' id='word_1_185' title='bbox 120 2489 205 2573; x_wconf 91' lang='lat' dir='ltr'><strong>cipio</strong></span> <span class='ocrx_word' id='word_1_186' title='bbox 223 2488 319 2555; x_wconf 88' lang='lat' dir='ltr'><strong>huius</strong></span> <span class='ocrx_word' id='word_1_187' title='bbox 337 2489 429 2555; x_wconf 90' lang='lat' dir='ltr'><strong>urbis</strong></span> <span class='ocrx_word' id='word_1_188' title='bbox 446 2511 565 2577; x_wconf 89' lang='lat' dir='ltr'><strong>parens</strong></span> <span class='ocrx_word' id='word_1_189' title='bbox 578 2490 737 2556; x_wconf 88' lang='lat' dir='ltr'><strong>Romulus</strong></span> <span class='ocrx_word' id='word_1_190' title='bbox 755 2513 821 2557; x_wconf 92' lang='lat' dir='ltr'><strong>non</strong></span> <span class='ocrx_word' id='word_1_191' title='bbox 837 2492 945 2558; x_wconf 91' lang='lat' dir='ltr'><strong>solum</strong></span> <span class='ocrx_word' id='word_1_192' title='bbox 959 2493 1127 2578; x_wconf 89' lang='lat' dir='ltr'><strong>auspicato</strong></span> 
     </span>
     <span class='ocr_line' id='line_1_27' title="bbox 120 2576 1127 2667; baseline 0.006 -26"><span class='ocrx_word' id='word_1_193' title='bbox 120 2577 233 2641; x_wconf 90' lang='lat' dir='ltr'><strong>urbem</strong></span> <span class='ocrx_word' id='word_1_194' title='bbox 251 2576 442 2662; x_wconf 90' lang='lat' dir='ltr'><strong>condidisse,</strong></span> <span class='ocrx_word' id='word_1_195' title='bbox 460 2578 517 2644; x_wconf 85' lang='lat' dir='ltr'><strong>aed</strong></span> <span class='ocrx_word' id='word_1_196' title='bbox 535 2579 605 2664; x_wconf 86' lang='lat' dir='ltr'><strong>ipse</strong></span> <span class='ocrx_word' id='word_1_197' title='bbox 623 2579 723 2644; x_wconf 87' lang='lat' dir='ltr'><strong>ctiam</strong></span> <span class='ocrx_word' id='word_1_198' title='bbox 742 2582 895 2666; x_wconf 90' lang='lat' dir='ltr'><strong>optumus</strong></span> <span class='ocrx_word' id='word_1_199' title='bbox 908 2601 1013 2667; x_wconf 89' lang='lat' dir='ltr'><strong>augur</strong></span> <span class='ocrx_word' id='word_1_200' title='bbox 1026 2581 1127 2647; x_wconf 88' lang='lat' dir='ltr'><strong>fuisse</strong></span> 
     </span>
     <span class='ocr_line' id='line_1_28' title="bbox 120 2663 1127 2755; baseline 0.007 -27"><span class='ocrx_word' id='word_1_201' title='bbox 120 2663 270 2730; x_wconf 84' lang='lat' dir='ltr'><strong>traditur.</strong></span> <span class='ocrx_word' id='word_1_202' title='bbox 313 2663 438 2732; x_wconf 90' lang='lat' dir='ltr'><strong>Deinde</strong></span> <span class='ocrx_word' id='word_1_203' title='bbox 467 2666 644 2753; x_wconf 79' lang='lat' dir='ltr'><strong>auguribus</strong></span> <span class='ocrx_word' id='word_1_204' title='bbox 673 2670 707 2734; x_wconf 90' lang='lat' dir='ltr'><strong>et</strong></span> <span class='ocrx_word' id='word_1_205' title='bbox 735 2668 853 2753; x_wconf 87' lang='lat' dir='ltr'><strong>reliqui</strong></span> <span class='ocrx_word' id='word_1_206' title='bbox 879 2689 973 2755; x_wconf 90' lang='lat' dir='ltr'><strong>reges</strong></span> <span class='ocrx_word' id='word_1_207' title='bbox 1000 2669 1065 2753; x_wconf 90' lang='lat' dir='ltr'><strong>usi,</strong></span> <span class='ocrx_word' id='word_1_208' title='bbox 1094 2674 1127 2736; x_wconf 90' lang='lat' dir='ltr'><strong>et</strong></span> 
     </span>
     <span class='ocr_line' id='line_1_29' title="bbox 120 2751 1128 2842; baseline 0.006 -24"><span class='ocrx_word' id='word_1_209' title='bbox 120 2751 242 2819; x_wconf 86' lang='lat' dir='ltr'><strong>exactis</strong></span> <span class='ocrx_word' id='word_1_210' title='bbox 269 2753 402 2839; x_wconf 88' lang='lat' dir='ltr'><strong>regibus</strong></span> <span class='ocrx_word' id='word_1_211' title='bbox 428 2753 512 2819; x_wconf 92' lang='lat' dir='ltr'><strong>nihil</strong></span> <span class='ocrx_word' id='word_1_212' title='bbox 538 2754 667 2840; x_wconf 87' lang='lat' dir='ltr'><strong>publice</strong></span> <span class='ocrx_word' id='word_1_213' title='bbox 690 2755 759 2821; x_wconf 90' lang='lat' dir='ltr'><strong>sine</strong></span> <span class='ocrx_word' id='word_1_214' title='bbox 782 2756 934 2842; x_wconf 90' lang='lat' dir='ltr'><strong>auspiciis</strong></span> <span class='ocrx_word' id='word_1_215' title='bbox 956 2776 1016 2824; x_wconf 88' lang='lat' dir='ltr'><strong>nec</strong></span> <span class='ocrx_word' id='word_1_216' title='bbox 1039 2757 1128 2824; x_wconf 88' lang='lat' dir='ltr'><strong>domi</strong></span> 
     </span>
     <span class='ocr_line' id='line_1_30' title="bbox 119 2839 1128 2931; baseline 0.007 -26"><span class='ocrx_word' id='word_1_217' title='bbox 119 2861 180 2906; x_wconf 91' lang='lat' dir='ltr'><strong>nec</strong></span> <span class='ocrx_word' id='word_1_218' title='bbox 201 2839 338 2906; x_wconf 89' lang='lat' dir='ltr'><strong>militiae</strong></span> <span class='ocrx_word' id='word_1_219' title='bbox 361 2842 544 2929; x_wconf 79' lang='lat' dir='ltr'><strong>gerebatur.</strong></span> <span class='ocrx_word' id='word_1_220' title='bbox 584 2841 730 2927; x_wconf 78' lang='lat' dir='ltr'><strong>Cumque</strong></span> <span class='ocrx_word' id='word_1_221' title='bbox 752 2866 873 2931; x_wconf 90' lang='lat' dir='ltr'><strong>magna</strong></span> <span class='ocrx_word' id='word_1_222' title='bbox 894 2845 944 2911; x_wconf 84' lang='lat' dir='ltr'><strong>vis</strong></span> <span class='ocrx_word' id='word_1_223' title='bbox 963 2845 1128 2913; x_wconf 83' lang='lat' dir='ltr'><strong>videretur</strong></span> 
     </span>
     <span class='ocr_line' id='line_1_31' title="bbox 79 2928 1126 3018; baseline 0.007 -24"><span class='ocrx_word' id='word_1_224' title='bbox 79 2945 107 2987; x_wconf 73' lang='grc' dir='ltr'>ω</span> <span class='ocrx_word' id='word_1_225' title='bbox 122 2949 193 2995; x_wconf 92' lang='lat' dir='ltr'><strong>esse</strong></span> <span class='ocrx_word' id='word_1_226' title='bbox 215 2932 250 2995; x_wconf 90' lang='lat' dir='ltr'><strong>et</strong></span> <span class='ocrx_word' id='word_1_227' title='bbox 270 2928 482 3015; x_wconf 85' lang='lat' dir='ltr'><strong>inpetriendis</strong></span> <span class='ocrx_word' id='word_1_228' title='bbox 504 2932 772 3018; x_wconf 86' lang='lat' dir='ltr'><strong>consulendisque</strong></span> <span class='ocrx_word' id='word_1_229' title='bbox 794 2933 891 3000; x_wconf 91' lang='lat' dir='ltr'><strong>rebus</strong></span> <span class='ocrx_word' id='word_1_230' title='bbox 914 2936 948 2999; x_wconf 89' lang='lat' dir='ltr'><strong>et</strong></span> <span class='ocrx_word' id='word_1_231' title='bbox 967 2935 1126 3001; x_wconf 91' lang='lat' dir='ltr'><strong>monstris</strong></span> 
     </span>
     <span class='ocr_line' id='line_1_32' title="bbox 119 3017 1126 3108; baseline 0.007 -25"><span class='ocrx_word' id='word_1_232' title='bbox 119 3017 371 3104; x_wconf 85' lang='lat' dir='ltr'><strong>interpretandis</strong></span> <span class='ocrx_word' id='word_1_233' title='bbox 390 3040 427 3086; x_wconf 91' lang='lat' dir='ltr'><strong>ac</strong></span> <span class='ocrx_word' id='word_1_234' title='bbox 444 3020 656 3104; x_wconf 87' lang='lat' dir='ltr'><strong>procurandis</strong></span> <span class='ocrx_word' id='word_1_235' title='bbox 674 3021 710 3086; x_wconf 89' lang='lat' dir='ltr'><strong>iu</strong></span> <span class='ocrx_word' id='word_1_236' title='bbox 722 3021 931 3107; x_wconf 88' lang='lat' dir='ltr'><strong>haruspicum</strong></span> <span class='ocrx_word' id='word_1_237' title='bbox 946 3022 1126 3108; x_wconf 89' lang='lat' dir='ltr'><strong>disciplina,</strong></span> 
     </span>
     <span class='ocr_line' id='line_1_33' title="bbox 119 3106 1127 3200; baseline 0.007 -28"><span class='ocrx_word' id='word_1_238' title='bbox 119 3128 247 3173; x_wconf 90' lang='lat' dir='ltr'><strong>omnem</strong></span> <span class='ocrx_word' id='word_1_239' title='bbox 270 3106 355 3174; x_wconf 88' lang='lat' dir='ltr'><strong>hanc</strong></span> <span class='ocrx_word' id='word_1_240' title='bbox 377 3128 417 3173; x_wconf 87' lang='lat' dir='ltr'><strong>ex</strong></span> <span class='ocrx_word' id='word_1_241' title='bbox 433 3106 570 3175; x_wconf 81' lang='lat' dir='ltr'><strong>Etruria</strong></span> <span class='ocrx_word' id='word_1_242' title='bbox 592 3109 762 3176; x_wconf 89' lang='lat' dir='ltr'><strong>scientiam</strong></span> <span class='ocrx_word' id='word_1_243' title='bbox 785 3110 992 3196; x_wconf 87' lang='lat' dir='ltr'><strong>adhibebant,</strong></span> <span class='ocrx_word' id='word_1_244' title='bbox 1013 3133 1055 3179; x_wconf 92' lang='lat' dir='ltr'><strong>ne</strong></span> <span class='ocrx_word' id='word_1_245' title='bbox 1074 3133 1127 3200; x_wconf 80' lang='lat' dir='ltr'><strong>ge</strong></span> 
     </span>
    </p>
   </div>
   <div class='ocr_carea' id='block_1_3' title="bbox 79 3195 1161 3712">
    <p class='ocr_par' dir='ltr' id='par_1_3' title="bbox 79 3195 1161 3712">
     <span class='ocr_line' id='line_1_34' title="bbox 118 3195 1126 3287; baseline 0.008 -27"><span class='ocrx_word' id='word_1_246' title='bbox 118 3217 179 3261; x_wconf 90' lang='lat' dir='ltr'><strong>nus</strong></span> <span class='ocrx_word' id='word_1_247' title='bbox 207 3199 295 3261; x_wconf 88' lang='lat' dir='ltr'><strong>esset</strong></span> <span class='ocrx_word' id='word_1_248' title='bbox 321 3195 425 3262; x_wconf 89' lang='lat' dir='ltr'><strong>ullum</strong></span> <span class='ocrx_word' id='word_1_249' title='bbox 452 3196 676 3282; x_wconf 77' lang='lat' dir='ltr'><strong>divinationis,</strong></span> <span class='ocrx_word' id='word_1_250' title='bbox 702 3198 790 3284; x_wconf 89' lang='lat' dir='ltr'><strong>quod</strong></span> <span class='ocrx_word' id='word_1_251' title='bbox 810 3200 997 3287; x_wconf 88' lang='lat' dir='ltr'><strong>neglectum</strong></span> <span class='ocrx_word' id='word_1_252' title='bbox 1020 3200 1062 3268; x_wconf 91' lang='lat' dir='ltr'><strong>ab</strong></span> <span class='ocrx_word' id='word_1_253' title='bbox 1084 3201 1126 3268; x_wconf 90' lang='lat' dir='ltr'><strong>iis</strong></span> 
     </span>
     <span class='ocr_line' id='line_1_35' title="bbox 118 3283 1161 3356; baseline 0.003 -8"><span class='ocrx_word' id='word_1_254' title='bbox 118 3283 290 3350; x_wconf 81' lang='lat' dir='ltr'><strong>rideretur.</strong></span> <span class='ocrx_word' id='word_1_255' title='bbox 333 3283 380 3351; x_wconf 82' lang='lat' dir='ltr'><strong>Et</strong></span> <span class='ocrx_word' id='word_1_256' title='bbox 406 3307 479 3352; x_wconf 88' lang='lat' dir='ltr'><strong>cum</strong></span> <span class='ocrx_word' id='word_1_257' title='bbox 506 3286 632 3353; x_wconf 88' lang='lat' dir='ltr'><strong>duobus</strong></span> <span class='ocrx_word' id='word_1_258' title='bbox 654 3286 760 3354; x_wconf 89' lang='lat' dir='ltr'><strong>modis</strong></span> <span class='ocrx_word' id='word_1_259' title='bbox 783 3287 884 3354; x_wconf 91' lang='lat' dir='ltr'><strong>animi</strong></span> <span class='ocrx_word' id='word_1_260' title='bbox 907 3290 976 3355; x_wconf 89' lang='lat' dir='ltr'><strong>sine</strong></span> <span class='ocrx_word' id='word_1_261' title='bbox 999 3289 1161 3356; x_wconf 73' lang='lat' dir='ltr'><strong>rationes</strong></span> 
     </span>
     <span class='ocr_line' id='line_1_36' title="bbox 79 3371 1127 3462; baseline 0.007 -25"><span class='ocrx_word' id='word_1_262' title='bbox 79 3384 106 3428; x_wconf 58' lang='grc' dir='ltr'><strong>*ὅ</strong></span> <span class='ocrx_word' id='word_1_263' title='bbox 119 3374 153 3437; x_wconf 87' lang='lat' dir='ltr'><strong>et</strong></span> <span class='ocrx_word' id='word_1_264' title='bbox 174 3371 311 3439; x_wconf 91' lang='lat' dir='ltr'><strong>scientia</strong></span> <span class='ocrx_word' id='word_1_265' title='bbox 333 3377 425 3440; x_wconf 90' lang='lat' dir='ltr'><strong>motu</strong></span> <span class='ocrx_word' id='word_1_266' title='bbox 443 3374 507 3461; x_wconf 90' lang='lat' dir='ltr'><strong>ipsi</strong></span> <span class='ocrx_word' id='word_1_267' title='bbox 525 3396 584 3442; x_wconf 91' lang='lat' dir='ltr'><strong>suo</strong></span> <span class='ocrx_word' id='word_1_268' title='bbox 604 3376 712 3443; x_wconf 89' lang='lat' dir='ltr'><strong>soluto</strong></span> <span class='ocrx_word' id='word_1_269' title='bbox 731 3380 765 3444; x_wconf 91' lang='lat' dir='ltr'><strong>et</strong></span> <span class='ocrx_word' id='word_1_270' title='bbox 782 3376 886 3445; x_wconf 88' lang='lat' dir='ltr'><strong>libero</strong></span> <span class='ocrx_word' id='word_1_271' title='bbox 903 3377 1127 3462; x_wconf 88' lang='lat' dir='ltr'><strong>incitarentur,</strong></span> 
     </span>
     <span class='ocr_line' id='line_1_37' title="bbox 118 3459 1126 3550; baseline 0.006 -25"><span class='ocrx_word' id='word_1_272' title='bbox 118 3481 183 3527; x_wconf 90' lang='lat' dir='ltr'><strong>uno</strong></span> <span class='ocrx_word' id='word_1_273' title='bbox 211 3459 352 3547; x_wconf 82' lang='lat' dir='ltr'><strong>furente,</strong></span> <span class='ocrx_word' id='word_1_274' title='bbox 384 3463 488 3531; x_wconf 87' lang='lat' dir='ltr'><strong>altero</strong></span> <span class='ocrx_word' id='word_1_275' title='bbox 516 3464 715 3550; x_wconf 91' lang='lat' dir='ltr'><strong>somniante,</strong></span> <span class='ocrx_word' id='word_1_276' title='bbox 745 3464 866 3531; x_wconf 88' lang='lat' dir='ltr'><strong>furoris</strong></span> <span class='ocrx_word' id='word_1_277' title='bbox 893 3465 1126 3533; x_wconf 81' lang='lat' dir='ltr'><strong>divinationem</strong></span> 
     </span>
     <span class='ocr_line' id='line_1_38' title="bbox 118 3545 1124 3634; baseline 0.008 -21"><span class='ocrx_word' id='word_1_278' title='bbox 118 3545 288 3634; x_wconf 82' lang='lat' dir='ltr'><strong>Sibyllinis</strong></span> <span class='ocrx_word' id='word_1_279' title='bbox 315 3551 454 3618; x_wconf 86' lang='lat' dir='ltr'><strong>maxime</strong></span> <span class='ocrx_word' id='word_1_280' title='bbox 481 3553 629 3619; x_wconf 83' lang='lat' dir='ltr'><strong>versibus</strong></span> <span class='ocrx_word' id='word_1_281' title='bbox 657 3552 816 3619; x_wconf 88' lang='lat' dir='ltr'><strong>contineri</strong></span> <span class='ocrx_word' id='word_1_282' title='bbox 838 3552 991 3621; x_wconf 89' lang='lat' dir='ltr'><strong>arbitrati</strong></span> <span class='ocrx_word' id='word_1_283' title='bbox 1015 3575 1124 3620; x_wconf 88' lang='lat' dir='ltr'><strong>eorum</strong></span> 
     </span>
     <span class='ocr_line' id='line_1_39' title="bbox 170 3661 912 3712; baseline 0.011 -8"><span class='ocrx_word' id='word_1_284' title='bbox 170 3661 227 3706; x_wconf 82' lang='lat'><em>010.</em></span> <span class='ocrx_word' id='word_1_285' title='bbox 239 3662 314 3707; x_wconf 70' lang='lat' dir='ltr'><strong>Im</strong></span> <span class='ocrx_word' id='word_1_286' title='bbox 878 3661 912 3712; x_wconf 84' lang='lat'><strong>10</strong></span> 
     </span>
    </p>
   </div>
   <div class='ocr_carea' id='block_1_4' title="bbox 0 0 1330 3908">
    <p class='ocr_par' dir='ltr' id='par_1_4' title="bbox 0 0 1330 3908">
     <span class='ocr_line' id='line_1_40' title="bbox 0 0 1330 3908; baseline 0 1"><span class='ocrx_word' id='word_1_287' title='bbox 0 0 1330 3908; x_wconf 95' lang='lat' dir='ltr'><strong> </strong></span> 
     </span>
    </p>
   </div>
  </div>
 </body>
</html>
