2652 3920
358 230 425 287 ms.
444 231 478 287 11.
506 231 583 287 csP.
601 238 716 287 41-44.
739 238 754 299 s
773 237 835 288 ιι-
844 239 887 287 es.
1066 231 1131 297 229
1261 212 1266 221 ’

123 380 158 441 et
184 375 226 441 ad
253 398 352 461 quam
379 375 515 461 quisque
538 398 687 441 maxume
710 398 779 441 rem
802 380 899 462 aptus
921 375 1052 442 futurus
1074 377 1133 462 sit3

123 468 240 548 cetera,
262 485 345 549 quae
367 464 591 550 profiteantur,
608 469 708 550 negat
726 465 796 530 ullo
814 464 910 530 modo
928 486 1025 566 posse
1044 466 1133 549 sciri3

124 553 244 617 etenim
271 552 474 639 geminorum
500 550 624 618 formas
652 574 722 618 esse
749 552 882 637 similis,
908 553 1011 618 vitam
1034 557 1133 638 atque

123 641 290 706 fortunam
317 641 507 725 plerumque
534 639 706 726 disparem.
746 639 878 707 Procles
902 644 936 706 et
956 640 1079 726 Euryst
1064 642 1133 706 the

97 745 196 814 anes,
222 727 551 795 Lacedaemoniorum
573 749 681 815 reges,
708 728 830 815 gemini
850 729 970 795 fratres
992 729 1134 795 fuerunt.

124 817 172 882 At
196 816 222 881 ii
247 838 307 883 nec
334 816 472 883 totidem
495 837 597 883 annos
619 816 783 902 vixerunt,
809 839 894 883 anno
917 818 1004 883 enim
1025 816 1134 884 Procli
1151 831 1184 882 sl

125 906 195 971 ιιιι
216 904 348 971 brevior
363 904 437 989 fuit,
458 906 543 970 mult
528 908 662 988 tumque
679 904 709 970 is
726 867 821 970 fral'
778 909 823 970 ιιι
840 927 950 971 rerum
968 909 1134 992 gestarum

125 993 233 1080 gloria
254 992 429 1078 praestitit.
465 992 513 1057 At
530 1014 599 1095 ego
609 992 670 1058 id
660 1014 778 1081 rpsum,
800 994 935 1079 quod
903 1016 954 1060 ιιι
972 999 1135 1097 optumus,

124 1081 298 1168 Diogenes,
317 1079 488 1147 Chaldaeis
507 1103 602 1166 quasi
592 1080 757 1166 quadam
770 1082 1048 1168 praevaricatione
1061 1104 1135 1150 con·

87 1188 112 1228 ιο
125 1169 224 1253 cedit,
250 1190 336 1256 nego
358 1190 455 1254 posse
476 1169 635 1256 intellegi.
675 1168 807 1235 Etenim
830 1192 917 1256 cum,
943 1172 1012 1235 ut
1002 1172 1067 1257 1psi
1089 1171 1135 1236 di·

125 1262 218 1341 cunt,
249 1262 340 1323 ortus
369 1258 572 1323 nascentium
602 1258 680 1323 luna
708 1258 905 1343 moderetur,
938 1281 1039 1344 eaque
1069 1260 1135 1325 ani·

125 1346 333 1412 madvertant
354 1350 389 1411 et
409 1350 526 1412 notent
549 1347 656 1412 sidera
676 1350 735 1411 nat
720 1346 832 1412 talicia
851 1310 1016 1432 Cllaldaei,
1040 1370 1134 1433 quae

126 1456 264 1520 cumque
286 1435 383 1500 lunae
405 1435 516 1500 iuncta
534 1434 713 1518 videantur,
736 1435 903 1500 oculorum
921 1435 1134 1502 fallacissimo

126 1545 224 1589 sensu
249 1522 394 1589 iudicant
421 1545 471 1607 ea,
501 1545 583 1607 quae
610 1523 737 1588 ratione
765 1526 864 1608 atque
890 1524 998 1589 animo
1026 1525 1134 1591 ridere

86 1629 112 1669 1⁵
127 1612 297 1677 debebant.
342 1611 447 1677 Docet
473 1612 560 1677 enim
582 1611 667 1677 ratio
690 1611 1009 1698 mathematicorum,
1036 1634 1135 1698 quam

125 1700 199 1766 istis
230 1705 344 1766 notam
371 1721 442 1765 esse
471 1699 662 1785 oportebat,
694 1703 817 1783 quanta
842 1699 1030 1766 humilitate
1056 1702 1135 1766 luna

125 1789 251 1855 feratur
282 1793 405 1854 terram
435 1810 538 1873 paene
570 1787 776 1873 contingens,
808 1793 966 1872 quantum
997 1789 1086 1855 absit
1115 1812 1135 1855 a

125 1899 284 1962 proxuma
305 1875 457 1942 Mercurii
479 1876 590 1959 stella,
617 1876 722 1941 multo
746 1879 855 1941 autem
878 1876 1008 1963 longius
1031 1899 1051 1942 a
1072 1876 1134 1943 Ve

125 1966 223 2049 neris,
242 1964 355 2029 deinde
373 1964 438 2029 alio
457 1964 632 2030 intervallo
650 1964 751 2029 distet
769 1986 789 2029 a
807 1965 886 2048 sole,
904 1965 994 2031 cuius
1012 1966 1134 2032 lumine

85 2072 113 2111 ιο
126 2052 322 2120 conlustrari
339 2057 488 2138 putatur3
505 2052 632 2137 reliqua
649 2075 725 2118 vero
740 2053 805 2132 tria
818 2053 994 2119 intervalla
1005 2054 1135 2121 infinita

126 2147 160 2207 et
181 2143 338 2223 inmensa,
360 2164 381 2207 a
403 2142 473 2207 sole
496 2141 537 2207 ad
555 2140 681 2225 Martis,
702 2140 777 2206 inde
795 2141 837 2206 ad
854 2140 952 2227 Iovis,
974 2142 1016 2208 ab
1035 2164 1074 2209 eo
1093 2143 1134 2209 ad

126 2228 259 2296 Saturni
286 2230 431 2313 stellam,
457 2229 532 2294 inde
559 2229 601 2294 ad
627 2229 753 2294 caelum
774 2230 896 2315 ipsum,
924 2231 1010 2315 quod
1032 2235 1134 2297 extre

126 2342 216 2385 mum
243 2322 341 2402 atque
367 2319 530 2383 ultumum
553 2318 664 2384 mundi
687 2321 746 2382 est.
788 2316 877 2393 Quae
899 2321 1010 2403 potest
1031 2319 1134 2406 igitur
1152 2332 1186 2382 oa

126 2406 279 2492 contagio
306 2428 346 2472 ex
367 2406 495 2472 infinito
517 2428 619 2491 paene
642 2406 816 2471 intervallo
839 2406 1001 2493 pertinere
1024 2409 1065 2473 ad
1087 2409 1134 2473 lu·

87 2511 113 2552 2⁵
126 2517 204 2561 narn
225 2495 278 2559 vel
301 2494 411 2579 potius
434 2494 476 2560 ad
498 2495 643 2559 terram?

193 2580 298 2657 Quid?
325 2604 398 2648 cum
422 2582 545 2668 dicunt,
566 2582 600 2647 id
623 2581 709 2667 quod
730 2582 771 2647 iis
795 2582 900 2648 dicere
921 2604 1052 2650 necesse
1075 2585 1186 2668 est,44

127 2670 233 2736 omnis
261 2670 405 2735 omnium
432 2675 538 2755 ortus,
566 2671 758 2755 quicumque
786 2670 820 2757 gi
867 2673 964 2736 antur
988 2672 1135 2737 inomni

126 2763 224 2842 terra,
243 2779 324 2842 quae
342 2759 513 2843 incolatur,
534 2759 664 2825 eosdem
681 2779 761 2843 esse,
780 2780 818 2823 ea
840 2780 955 2862 amque
974 2760 1134 2846 omnibus,

127 2846 183 2932 qui
206 2846 318 2911 eodem
341 2850 408 2911 stat
409 2870 430 2912 u
393 2847 534 2912 tcaeli
557 2851 591 2912 et
613 2847 784 2912 stellarum
802 2847 873 2912 uati
892 2848 968 2933 sint,
991 2810 1134 2914 acciderd

86 2950 257 3001 wuecesse
279 2955 363 3018 esse,
389 2957 496 3001 nonne
519 2935 587 3000 eius
610 2934 698 3002 modi
721 2938 811 3019 sunt,
838 2939 876 3001 ut
897 2957 938 3002 ne
961 2936 1043 3002 caeli
1066 2937 1138 3022 qui-¹

126 3025 200 3089 dem
225 3027 378 3088 naturam
403 3023 598 3109 interpretes
626 3025 708 3089 istos
727 2986 813 3089 caeli
834 3045 931 3090 nosse
954 3025 1132 3111 appareat?

126 3111 209 3179 Cum
231 3112 319 3177 enim
340 3111 392 3176 illi
415 3111 524 3197 orbes,
547 3113 603 3196 qui
625 3113 750 3178 caelum
774 3112 867 3196 quasi
890 3112 1031 3178 medium
1054 3113 1133 3178 diri·

126 3202 207 3266 dunt
236 3205 270 3266 et
300 3203 468 3286 aspectum
495 3204 645 3266 nostrum
675 3199 845 3285 definiunt,
874 3201 930 3286 qui
957 3223 978 3266 a
1000 3199 1132 3267 Graecis

126 3283 293 3370 ὁρίζοντες
319 3289 541 3371 nominantur,
570 3310 590 3354 a
615 3288 710 3354 uobis
732 3288 876 3354 finient
861 3293 920 3354 tes
943 3290 1133 3356 rectissume

85 3377 287 3443 renominari
309 3381 456 3462 possunt,
477 3339 669 3442 varietatem
692 3399 876 3443 maxumam
900 3376 1043 3444 habeant
1066 3377 1133 3444 alii·

126 3486 187 3551 que
214 3466 249 3530 in
276 3466 349 3532 aliis
376 3466 458 3533 locis
486 3465 565 3550 siut,
591 3487 722 3532 necesse
750 3468 800 3530 est
822 3470 913 3531 ortus
936 3486 1132 3550 occasusque

125 3554 267 3620 siderum
289 3576 355 3619 non
377 3554 448 3620 fieri
467 3554 579 3621 eodem
597 3559 743 3640 tempore
762 3553 847 3638 apud
866 3553 980 3619 omnis.
1010 3552 1132 3629 Quodsi
1150 3563 1185 3615 ss
