<?xml version="1.0" encoding="UTF-8"?>
<!DOCTYPE html PUBLIC "-//W3C//DTD XHTML 1.0 Transitional//EN"
    "http://www.w3.org/TR/xhtml1/DTD/xhtml1-transitional.dtd">
<html xmlns="http://www.w3.org/1999/xhtml" xml:lang="en" lang="en">
 <head>
  <title>
</title>
<meta http-equiv="Content-Type" content="text/html;charset=utf-8" />
  <meta name='ocr-system' content='tesseract 3.04.00' />
  <meta name='ocr-capabilities' content='ocr_page ocr_carea ocr_par ocr_line ocrx_word'/>
</head>
<body>
  <div class='ocr_page' id='page_1' title='image "./mtulliiciceroni00salegoog_0383.png"; bbox 0 0 2654 3924; ppageno 0'>
   <div class='ocr_carea' id='block_1_1' title="bbox 180 175 827 241">
    <p class='ocr_par' dir='ltr' id='par_1_1' title="bbox 180 175 827 241">
     <span class='ocr_line' id='line_1_1' title="bbox 180 175 827 241; baseline 0.003 -13"><span class='ocrx_word' id='word_1_1' title='bbox 180 175 245 241; x_wconf 80' lang='lat'>330</span> <span class='ocrx_word' id='word_1_2' title='bbox 537 176 586 230; x_wconf 81' lang='lat' dir='ltr'>DE</span> <span class='ocrx_word' id='word_1_3' title='bbox 603 176 653 231; x_wconf 83' lang='lat' dir='ltr'>RE</span> <span class='ocrx_word' id='word_1_4' title='bbox 671 176 827 232; x_wconf 77' lang='lat' dir='ltr'>PUBLICA</span> 
     </span>
    </p>
   </div>
   <div class='ocr_carea' id='block_1_2' title="bbox 19 299 1309 3335">
    <p class='ocr_par' dir='ltr' id='par_1_2' title="bbox 125 299 1309 2011">
     <span class='ocr_line' id='line_1_2' title="bbox 125 299 1201 425; baseline 0.003 -40"><span class='ocrx_word' id='word_1_5' title='bbox 125 299 206 425; x_wconf 63' lang='lat' dir='ltr'>ddp·</span> <span class='ocrx_word' id='word_1_6' title='bbox 225 322 274 402; x_wconf 80' lang='lat' dir='ltr'>ac]</span> <span class='ocrx_word' id='word_1_7' title='bbox 349 322 500 390; x_wconf 81' lang='lat' dir='ltr'>....dici</span> <span class='ocrx_word' id='word_1_8' title='bbox 531 322 645 408; x_wconf 90' lang='lat' dir='ltr'>possit.</span> <span class='ocrx_word' id='word_1_9' title='bbox 692 322 774 387; x_wconf 86' lang='lat' dir='ltr'>Tum</span> <span class='ocrx_word' id='word_1_10' title='bbox 804 321 948 387; x_wconf 86' lang='lat' dir='ltr'>Laelius:</span> <span class='ocrx_word' id='word_1_11' title='bbox 980 321 1084 389; x_wconf 84' lang='lat' dir='ltr'>Video</span> <span class='ocrx_word' id='word_1_12' title='bbox 1116 323 1201 407; x_wconf 80' lang='lat' dir='ltr'>iam,</span> 
     </span>
     <span class='ocr_line' id='line_1_3' title="bbox 178 409 1198 496; baseline 0.004 -23"><span class='ocrx_word' id='word_1_13' title='bbox 178 409 286 493; x_wconf 88' lang='lat' dir='ltr'>illum,</span> <span class='ocrx_word' id='word_1_14' title='bbox 314 432 410 494; x_wconf 91' lang='lat' dir='ltr'>quem</span> <span class='ocrx_word' id='word_1_15' title='bbox 434 413 660 496; x_wconf 76' lang='lat' dir='ltr'>expectabam,</span> <span class='ocrx_word' id='word_1_16' title='bbox 687 411 793 476; x_wconf 80' lang='lat' dir='ltr'>virum</span> <span class='ocrx_word' id='word_1_17' title='bbox 816 411 868 476; x_wconf 91' lang='lat' dir='ltr'>cui</span> <span class='ocrx_word' id='word_1_18' title='bbox 889 411 1059 496; x_wconf 88' lang='lat' dir='ltr'>praeficias</span> <span class='ocrx_word' id='word_1_19' title='bbox 1083 411 1198 477; x_wconf 86' lang='lat' dir='ltr'>officio</span> 
     </span>
     <span class='ocr_line' id='line_1_4' title="bbox 179 497 1199 585; baseline 0.004 -23"><span class='ocrx_word' id='word_1_20' title='bbox 179 502 212 563; x_wconf 89' lang='lat' dir='ltr'>et</span> <span class='ocrx_word' id='word_1_21' title='bbox 234 500 369 564; x_wconf 89' lang='lat' dir='ltr'>muneri.</span> <span class='ocrx_word' id='word_1_22' title='bbox 410 498 497 565; x_wconf 91' lang='lat' dir='ltr'>Huic</span> <span class='ocrx_word' id='word_1_23' title='bbox 520 500 657 583; x_wconf 88' lang='lat' dir='ltr'>scilicet,</span> <span class='ocrx_word' id='word_1_24' title='bbox 681 499 869 583; x_wconf 71' lang='lat' dir='ltr'><strong>Africanae,</strong></span> <span class='ocrx_word' id='word_1_25' title='bbox 895 500 952 564; x_wconf 91' lang='lat' dir='ltr'>uni</span> <span class='ocrx_word' id='word_1_26' title='bbox 974 522 1077 585; x_wconf 89' lang='lat' dir='ltr'>paene</span> <span class='ocrx_word' id='word_1_27' title='bbox 1100 497 1199 585; x_wconf 90' lang='lat' dir='ltr'>(nam</span> 
     </span>
     <span class='ocr_line' id='line_1_5' title="bbox 178 586 1197 675; baseline 0.003 -24"><span class='ocrx_word' id='word_1_28' title='bbox 178 586 213 651; x_wconf 91' lang='lat' dir='ltr'>in</span> <span class='ocrx_word' id='word_1_29' title='bbox 235 587 297 652; x_wconf 92' lang='lat' dir='ltr'>hoc</span> <span class='ocrx_word' id='word_1_30' title='bbox 318 587 387 653; x_wconf 83' lang='lat' dir='ltr'>fere</span> <span class='ocrx_word' id='word_1_31' title='bbox 405 610 470 652; x_wconf 92' lang='lat' dir='ltr'>uno</span> <span class='ocrx_word' id='word_1_32' title='bbox 495 592 571 652; x_wconf 91' lang='lat' dir='ltr'>sunt</span> <span class='ocrx_word' id='word_1_33' title='bbox 594 586 730 675; x_wconf 86' lang='lat' dir='ltr'>cetera),</span> <span class='ocrx_word' id='word_1_34' title='bbox 758 591 795 653; x_wconf 92' lang='lat' dir='ltr'>ut</span> <span class='ocrx_word' id='word_1_35' title='bbox 817 609 995 672; x_wconf 77' lang='lat' dir='ltr'>numquam</span> <span class='ocrx_word' id='word_1_36' title='bbox 1018 611 1038 654; x_wconf 89' lang='lat' dir='ltr'>a</span> <span class='ocrx_word' id='word_1_37' title='bbox 1061 610 1096 654; x_wconf 87' lang='lat' dir='ltr'>sc</span> <span class='ocrx_word' id='word_1_38' title='bbox 1118 589 1197 673; x_wconf 88' lang='lat' dir='ltr'>ipso</span> 
     </span>
     <span class='ocr_line' id='line_1_6' title="bbox 178 675 1244 762; baseline -0.001 -23"><span class='ocrx_word' id='word_1_39' title='bbox 178 675 335 741; x_wconf 88' lang='lat' dir='ltr'>intuendo</span> <span class='ocrx_word' id='word_1_40' title='bbox 366 676 682 762; x_wconf 72' lang='lat' dir='ltr'>contemplandoque</span> <span class='ocrx_word' id='word_1_41' title='bbox 710 676 869 760; x_wconf 85' lang='lat' dir='ltr'>discedat,</span> <span class='ocrx_word' id='word_1_42' title='bbox 901 680 939 741; x_wconf 88' lang='lat' dir='ltr'>nt</span> <span class='ocrx_word' id='word_1_43' title='bbox 967 676 1009 741; x_wconf 90' lang='lat' dir='ltr'>ad</span> <span class='ocrx_word' id='word_1_44' title='bbox 1035 678 1198 742; x_wconf 89' lang='lat' dir='ltr'>imitatio·</span> <span class='ocrx_word' id='word_1_45' title='bbox 1227 698 1244 738; x_wconf 77' lang='lat' dir='ltr'>s</span> 
     </span>
     <span class='ocr_line' id='line_1_7' title="bbox 179 765 1197 851; baseline 0.002 -23"><span class='ocrx_word' id='word_1_46' title='bbox 179 785 254 829; x_wconf 89' lang='lat' dir='ltr'>nem</span> <span class='ocrx_word' id='word_1_47' title='bbox 278 765 328 830; x_wconf 91' lang='lat' dir='ltr'>sui</span> <span class='ocrx_word' id='word_1_48' title='bbox 351 769 446 830; x_wconf 87' lang='lat' dir='ltr'>vocet</span> <span class='ocrx_word' id='word_1_49' title='bbox 469 765 561 849; x_wconf 88' lang='lat' dir='ltr'>alios,</span> <span class='ocrx_word' id='word_1_50' title='bbox 583 768 621 830; x_wconf 91' lang='lat' dir='ltr'>ut</span> <span class='ocrx_word' id='word_1_51' title='bbox 644 787 715 830; x_wconf 91' lang='lat' dir='ltr'>sese</span> <span class='ocrx_word' id='word_1_52' title='bbox 738 765 909 851; x_wconf 89' lang='lat' dir='ltr'>splendore</span> <span class='ocrx_word' id='word_1_53' title='bbox 933 765 1034 830; x_wconf 89' lang='lat' dir='ltr'>animi</span> <span class='ocrx_word' id='word_1_54' title='bbox 1053 766 1197 831; x_wconf 79' lang='lat' dir='ltr'>civitae</span> 
     </span>
     <span class='ocr_line' id='line_1_8' title="bbox 179 852 1197 939; baseline 0.002 -22"><span class='ocrx_word' id='word_1_55' title='bbox 179 874 256 918; x_wconf 92' lang='lat' dir='ltr'>suae</span> <span class='ocrx_word' id='word_1_56' title='bbox 289 853 374 918; x_wconf 91' lang='lat' dir='ltr'>sicut</span> <span class='ocrx_word' id='word_1_57' title='bbox 406 853 572 938; x_wconf 88' lang='lat' dir='ltr'>speculum</span> <span class='ocrx_word' id='word_1_58' title='bbox 604 853 760 939; x_wconf 85' lang='lat' dir='ltr'>praebeat</span> <span class='ocrx_word' id='word_1_59' title='bbox 791 854 925 920; x_wconf 78' lang='lat' dir='ltr'>civibus.</span> <span class='ocrx_word' id='word_1_60' title='bbox 970 852 1018 919; x_wconf 91' lang='lat' dir='ltr'>Ut</span> <span class='ocrx_word' id='word_1_61' title='bbox 1045 855 1131 919; x_wconf 91' lang='lat' dir='ltr'>enim</span> <span class='ocrx_word' id='word_1_62' title='bbox 1159 855 1197 919; x_wconf 94' lang='lat' dir='ltr'>in</span> 
     </span>
     <span class='ocr_line' id='line_1_9' title="bbox 178 942 1196 1028; baseline 0.004 -23"><span class='ocrx_word' id='word_1_63' title='bbox 178 969 206 1021; x_wconf 85' lang='lat' dir='ltr'>p.</span> <span class='ocrx_word' id='word_1_64' title='bbox 226 943 274 1023; x_wconf 78' lang='lat' dir='ltr'>ac]</span> <span class='ocrx_word' id='word_1_65' title='bbox 301 942 421 1007; x_wconf 88' lang='lat' dir='ltr'>fidibus</span> <span class='ocrx_word' id='word_1_66' title='bbox 449 945 507 1007; x_wconf 93' lang='lat' dir='ltr'>aut</span> <span class='ocrx_word' id='word_1_67' title='bbox 531 942 536 1025; x_wconf 85' lang='grc' dir='ltr'>Ι</span> <span class='ocrx_word' id='word_1_68' title='bbox 561 942 652 1007; x_wconf 89' lang='lat' dir='ltr'>tibiis</span> <span class='ocrx_word' id='word_1_69' title='bbox 680 946 778 1026; x_wconf 92' lang='lat' dir='ltr'>atque</span> <span class='ocrx_word' id='word_1_70' title='bbox 806 946 844 1007; x_wconf 88' lang='lat' dir='ltr'>nt</span> <span class='ocrx_word' id='word_1_71' title='bbox 870 942 905 1007; x_wconf 90' lang='lat' dir='ltr'>in</span> <span class='ocrx_word' id='word_1_72' title='bbox 931 947 1030 1008; x_wconf 90' lang='lat' dir='ltr'>cantu</span> <span class='ocrx_word' id='word_1_73' title='bbox 1052 943 1126 1028; x_wconf 91' lang='lat' dir='ltr'>ipso</span> <span class='ocrx_word' id='word_1_74' title='bbox 1155 966 1196 1009; x_wconf 84' lang='lat' dir='ltr'>ac</span> 
     </span>
     <span class='ocr_line' id='line_1_10' title="bbox 178 1029 1197 1115; baseline 0.004 -21"><span class='ocrx_word' id='word_1_75' title='bbox 178 1029 312 1095; x_wconf 83' lang='lat' dir='ltr'>vocibus</span> <span class='ocrx_word' id='word_1_76' title='bbox 340 1033 515 1096; x_wconf 74' lang='lat' dir='ltr'>concentus</span> <span class='ocrx_word' id='word_1_77' title='bbox 542 1034 593 1095; x_wconf 89' lang='lat' dir='ltr'>est</span> <span class='ocrx_word' id='word_1_78' title='bbox 620 1031 749 1115; x_wconf 90' lang='lat' dir='ltr'>quidam</span> <span class='ocrx_word' id='word_1_79' title='bbox 779 1031 937 1096; x_wconf 86' lang='lat' dir='ltr'>tenendus</span> <span class='ocrx_word' id='word_1_80' title='bbox 965 1053 1003 1096; x_wconf 85' lang='lat' dir='ltr'>ex</span> <span class='ocrx_word' id='word_1_81' title='bbox 1027 1031 1197 1098; x_wconf 86' lang='lat' dir='ltr'>distinctis</span> 
     </span>
     <span class='ocr_line' id='line_1_11' title="bbox 180 1117 1241 1205; baseline 0 -23"><span class='ocrx_word' id='word_1_82' title='bbox 180 1117 282 1203; x_wconf 83' lang='lat' dir='ltr'>sonis,</span> <span class='ocrx_word' id='word_1_83' title='bbox 310 1140 405 1202; x_wconf 88' lang='lat' dir='ltr'>quem</span> <span class='ocrx_word' id='word_1_84' title='bbox 432 1119 632 1185; x_wconf 90' lang='lat' dir='ltr'>inmutatum</span> <span class='ocrx_word' id='word_1_85' title='bbox 659 1124 716 1185; x_wconf 89' lang='lat' dir='ltr'>aut</span> <span class='ocrx_word' id='word_1_86' title='bbox 743 1119 982 1205; x_wconf 72' lang='lat' dir='ltr'>discrepantem</span> <span class='ocrx_word' id='word_1_87' title='bbox 1005 1141 1100 1187; x_wconf 85' lang='lat' dir='ltr'>aures</span> <span class='ocrx_word' id='word_1_88' title='bbox 1123 1143 1197 1186; x_wconf 90' lang='lat' dir='ltr'>eru·</span> <span class='ocrx_word' id='word_1_89' title='bbox 1210 1141 1241 1182; x_wconf 84' lang='grc' dir='ltr'>ιο</span> 
     </span>
     <span class='ocr_line' id='line_1_12' title="bbox 179 1205 1196 1293; baseline 0.004 -23"><span class='ocrx_word' id='word_1_90' title='bbox 179 1206 266 1272; x_wconf 90' lang='lat' dir='ltr'>ditae</span> <span class='ocrx_word' id='word_1_91' title='bbox 287 1205 372 1272; x_wconf 86' lang='lat' dir='ltr'>ferre</span> <span class='ocrx_word' id='word_1_92' title='bbox 394 1229 460 1273; x_wconf 88' lang='lat' dir='ltr'>non</span> <span class='ocrx_word' id='word_1_93' title='bbox 483 1211 631 1293; x_wconf 86' lang='lat' dir='ltr'>possunt,</span> <span class='ocrx_word' id='word_1_94' title='bbox 654 1208 747 1293; x_wconf 89' lang='lat' dir='ltr'>isque</span> <span class='ocrx_word' id='word_1_95' title='bbox 765 1212 940 1274; x_wconf 85' lang='lat' dir='ltr'>concentus</span> <span class='ocrx_word' id='word_1_96' title='bbox 959 1230 997 1274; x_wconf 85' lang='lat' dir='ltr'>ex</span> <span class='ocrx_word' id='word_1_97' title='bbox 1016 1209 1196 1274; x_wconf 90' lang='lat' dir='ltr'>dissimilli-</span> 
     </span>
     <span class='ocr_line' id='line_1_13' title="bbox 179 1296 1197 1363; baseline 0.004 -4"><span class='ocrx_word' id='word_1_98' title='bbox 179 1317 307 1360; x_wconf 90' lang='lat' dir='ltr'>marum</span> <span class='ocrx_word' id='word_1_99' title='bbox 329 1318 446 1362; x_wconf 80' lang='lat' dir='ltr'>vocum</span> <span class='ocrx_word' id='word_1_100' title='bbox 468 1296 691 1362; x_wconf 88' lang='lat' dir='ltr'>moderatione</span> <span class='ocrx_word' id='word_1_101' title='bbox 714 1319 848 1363; x_wconf 87' lang='lat' dir='ltr'>concors</span> <span class='ocrx_word' id='word_1_102' title='bbox 871 1301 980 1363; x_wconf 89' lang='lat' dir='ltr'>tamen</span> <span class='ocrx_word' id='word_1_103' title='bbox 1001 1298 1140 1363; x_wconf 83' lang='lat' dir='ltr'>efficitur</span> <span class='ocrx_word' id='word_1_104' title='bbox 1160 1303 1197 1363; x_wconf 92' lang='lat' dir='ltr'>et</span> 
     </span>
     <span class='ocr_line' id='line_1_14' title="bbox 179 1385 1196 1470; baseline 0.002 -20"><span class='ocrx_word' id='word_1_105' title='bbox 179 1405 374 1470; x_wconf 84' lang='lat' dir='ltr'>congruens,</span> <span class='ocrx_word' id='word_1_106' title='bbox 401 1385 448 1450; x_wconf 91' lang='lat' dir='ltr'>sic</span> <span class='ocrx_word' id='word_1_107' title='bbox 475 1406 514 1450; x_wconf 86' lang='lat' dir='ltr'>ex</span> <span class='ocrx_word' id='word_1_108' title='bbox 541 1385 677 1450; x_wconf 90' lang='lat' dir='ltr'>summis</span> <span class='ocrx_word' id='word_1_109' title='bbox 700 1390 734 1450; x_wconf 90' lang='lat' dir='ltr'>et</span> <span class='ocrx_word' id='word_1_110' title='bbox 756 1385 876 1450; x_wconf 90' lang='lat' dir='ltr'>infimis</span> <span class='ocrx_word' id='word_1_111' title='bbox 900 1390 933 1451; x_wconf 89' lang='lat' dir='ltr'>et</span> <span class='ocrx_word' id='word_1_112' title='bbox 956 1386 1071 1451; x_wconf 93' lang='lat' dir='ltr'>mediis</span> <span class='ocrx_word' id='word_1_113' title='bbox 1093 1388 1196 1452; x_wconf 91' lang='lat' dir='ltr'>inter·</span> 
     </span>
     <span class='ocr_line' id='line_1_15' title="bbox 178 1472 1196 1563; baseline 0.005 -28"><span class='ocrx_word' id='word_1_114' title='bbox 178 1472 271 1538; x_wconf 91' lang='lat' dir='ltr'>iectis</span> <span class='ocrx_word' id='word_1_115' title='bbox 291 1473 458 1539; x_wconf 85' lang='lat' dir='ltr'>ordinibus</span> <span class='ocrx_word' id='word_1_116' title='bbox 477 1476 515 1538; x_wconf 92' lang='lat' dir='ltr'>ut</span> <span class='ocrx_word' id='word_1_117' title='bbox 533 1475 622 1539; x_wconf 90' lang='lat' dir='ltr'>sonis</span> <span class='ocrx_word' id='word_1_118' title='bbox 640 1474 810 1540; x_wconf 86' lang='lat' dir='ltr'>moderata</span> <span class='ocrx_word' id='word_1_119' title='bbox 827 1474 955 1540; x_wconf 91' lang='lat' dir='ltr'>ratione</span> <span class='ocrx_word' id='word_1_120' title='bbox 974 1475 1090 1541; x_wconf 84' lang='lat' dir='ltr'>civitae</span> <span class='ocrx_word' id='word_1_121' title='bbox 1109 1476 1196 1563; x_wconf 69' lang='lat' dir='ltr'>conl·</span> 
     </span>
     <span class='ocr_line' id='line_1_16' title="bbox 179 1561 1257 1647; baseline -0.001 -22"><span class='ocrx_word' id='word_1_122' title='bbox 179 1582 276 1626; x_wconf 86' lang='lat' dir='ltr'>sensu</span> <span class='ocrx_word' id='word_1_123' title='bbox 303 1561 597 1627; x_wconf 87' lang='lat' dir='ltr'>dissimillimorum</span> <span class='ocrx_word' id='word_1_124' title='bbox 625 1563 779 1646; x_wconf 82' lang='lat' dir='ltr'>concinit3</span> <span class='ocrx_word' id='word_1_125' title='bbox 806 1567 839 1628; x_wconf 88' lang='lat' dir='ltr'>et</span> <span class='ocrx_word' id='word_1_126' title='bbox 867 1585 949 1647; x_wconf 90' lang='lat' dir='ltr'>quae</span> <span class='ocrx_word' id='word_1_127' title='bbox 976 1563 1148 1630; x_wconf 89' lang='lat' dir='ltr'>harmonia</span> <span class='ocrx_word' id='word_1_128' title='bbox 1173 1584 1257 1631; x_wconf 79' lang='lat' dir='ltr'>ars.</span> 
     </span>
     <span class='ocr_line' id='line_1_17' title="bbox 179 1650 1194 1738; baseline 0.004 -24"><span class='ocrx_word' id='word_1_129' title='bbox 179 1650 311 1716; x_wconf 89' lang='lat' dir='ltr'>musicis</span> <span class='ocrx_word' id='word_1_130' title='bbox 334 1651 453 1716; x_wconf 89' lang='lat' dir='ltr'>dicitur</span> <span class='ocrx_word' id='word_1_131' title='bbox 474 1650 509 1715; x_wconf 89' lang='lat' dir='ltr'>in</span> <span class='ocrx_word' id='word_1_132' title='bbox 532 1655 639 1736; x_wconf 85' lang='lat' dir='ltr'>cantu,</span> <span class='ocrx_word' id='word_1_133' title='bbox 662 1674 701 1717; x_wconf 88' lang='lat' dir='ltr'>ea</span> <span class='ocrx_word' id='word_1_134' title='bbox 724 1656 775 1716; x_wconf 91' lang='lat' dir='ltr'>est</span> <span class='ocrx_word' id='word_1_135' title='bbox 796 1652 832 1717; x_wconf 92' lang='lat' dir='ltr'>in</span> <span class='ocrx_word' id='word_1_136' title='bbox 854 1651 988 1717; x_wconf 88' lang='lat' dir='ltr'>civitate</span> <span class='ocrx_word' id='word_1_137' title='bbox 1011 1652 1194 1738; x_wconf 89' lang='lat' dir='ltr'>concordia,</span> 
     </span>
     <span class='ocr_line' id='line_1_18' title="bbox 179 1739 1193 1826; baseline 0.004 -23"><span class='ocrx_word' id='word_1_138' title='bbox 179 1739 380 1805; x_wconf 90' lang='lat' dir='ltr'>artissimum</span> <span class='ocrx_word' id='word_1_139' title='bbox 403 1743 502 1824; x_wconf 91' lang='lat' dir='ltr'>atque</span> <span class='ocrx_word' id='word_1_140' title='bbox 525 1741 685 1825; x_wconf 90' lang='lat' dir='ltr'>optimum</span> <span class='ocrx_word' id='word_1_141' title='bbox 710 1741 798 1806; x_wconf 89' lang='lat' dir='ltr'>omni</span> <span class='ocrx_word' id='word_1_142' title='bbox 820 1739 855 1804; x_wconf 88' lang='lat' dir='ltr'>in</span> <span class='ocrx_word' id='word_1_143' title='bbox 877 1762 913 1805; x_wconf 91' lang='lat' dir='ltr'>re</span> <span class='ocrx_word' id='word_1_144' title='bbox 931 1741 1064 1826; x_wconf 91' lang='lat' dir='ltr'>publica</span> <span class='ocrx_word' id='word_1_145' title='bbox 1081 1741 1193 1807; x_wconf 85' lang='lat' dir='ltr'>vincu-</span> 
     </span>
     <span class='ocr_line' id='line_1_19' title="bbox 178 1827 1193 1916; baseline 0.005 -25"><span class='ocrx_word' id='word_1_146' title='bbox 178 1827 247 1892; x_wconf 91' lang='lat' dir='ltr'>lum</span> <span class='ocrx_word' id='word_1_147' title='bbox 270 1827 514 1911; x_wconf 89' lang='lat' dir='ltr'>incolumitatis,</span> <span class='ocrx_word' id='word_1_148' title='bbox 538 1850 639 1913; x_wconf 88' lang='lat' dir='ltr'>eaque</span> <span class='ocrx_word' id='word_1_149' title='bbox 662 1829 732 1893; x_wconf 88' lang='lat' dir='ltr'>sine</span> <span class='ocrx_word' id='word_1_150' title='bbox 749 1829 877 1894; x_wconf 86' lang='lat' dir='ltr'>iustitia</span> <span class='ocrx_word' id='word_1_151' title='bbox 894 1830 986 1895; x_wconf 90' lang='lat' dir='ltr'>nullo</span> <span class='ocrx_word' id='word_1_152' title='bbox 1004 1833 1101 1916; x_wconf 87' lang='lat' dir='ltr'>pacto</span> <span class='ocrx_word' id='word_1_153' title='bbox 1120 1851 1193 1896; x_wconf 88' lang='lat' dir='ltr'>esse</span> 
     </span>
     <span class='ocr_line' id='line_1_20' title="bbox 180 1917 1309 2011; baseline 0.003 -29"><span class='ocrx_word' id='word_1_154' title='bbox 180 1920 299 2001; x_wconf 88' lang='lat' dir='ltr'>potest.</span> <span class='ocrx_word' id='word_1_155' title='bbox 335 1918 480 2001; x_wconf 79' lang='lat' dir='ltr'>(Aupust.</span> <span class='ocrx_word' id='word_1_156' title='bbox 503 1918 540 1983; x_wconf 87' lang='lat' dir='ltr'>de</span> <span class='ocrx_word' id='word_1_157' title='bbox 561 1919 615 1982; x_wconf 85' lang='lat' dir='ltr'>cir.</span> <span class='ocrx_word' id='word_1_158' title='bbox 638 1919 687 1983; x_wconf 87' lang='lat' dir='ltr'>dei</span> <span class='ocrx_word' id='word_1_159' title='bbox 709 1917 840 2002; x_wconf 79' lang='lat'><em>1121.)</em></span> <span class='ocrx_word' id='word_1_160' title='bbox 1308 1980 1309 2011; x_wconf 76' lang='lat'>,</span> 
     </span>
    </p>

    <p class='ocr_par' dir='ltr' id='par_1_3' title="bbox 19 2006 1309 2088">
     <span class='ocr_line' id='line_1_21' title="bbox 19 2006 1309 2088; baseline 0.005 -18"><span class='ocrx_word' id='word_1_161' title='bbox 19 2054 24 2061; x_wconf 81' lang='grc'><strong>-</strong></span> <span class='ocrx_word' id='word_1_162' title='bbox 125 2014 169 2079; x_wconf 83' lang='grc'>43</span> <span class='ocrx_word' id='word_1_163' title='bbox 245 2010 294 2071; x_wconf 87' lang='lat' dir='ltr'>Ac</span> <span class='ocrx_word' id='word_1_164' title='bbox 316 2007 423 2071; x_wconf 84' lang='lat' dir='ltr'>deiude</span> <span class='ocrx_word' id='word_1_165' title='bbox 444 2026 513 2070; x_wconf 87' lang='lat' dir='ltr'>curu</span> <span class='ocrx_word' id='word_1_166' title='bbox 536 2006 697 2088; x_wconf 84' lang='lat' dir='ltr'>uliquuuto</span> <span class='ocrx_word' id='word_1_167' title='bbox 720 2007 814 2072; x_wconf 84' lang='lat' dir='ltr'>latius</span> <span class='ocrx_word' id='word_1_168' title='bbox 836 2011 866 2072; x_wconf 86' lang='lat' dir='ltr'>et</span> <span class='ocrx_word' id='word_1_169' title='bbox 885 2006 1009 2074; x_wconf 83' lang='lat' dir='ltr'>uberius</span> <span class='ocrx_word' id='word_1_170' title='bbox 1030 2008 1193 2076; x_wconf 76' lang='lat' dir='ltr'>disseruis-</span> <span class='ocrx_word' id='word_1_171' title='bbox 1206 2028 1237 2068; x_wconf 77' lang='lat'>²0</span> <span class='ocrx_word' id='word_1_172' title='bbox 1308 2014 1309 2071; x_wconf 62' lang='lat' dir='ltr'>l</span> 
     </span>
    </p>

    <p class='ocr_par' dir='ltr' id='par_1_4' title="bbox 177 2093 1232 2624">
     <span class='ocr_line' id='line_1_22' title="bbox 177 2093 1192 2180; baseline 0.005 -22"><span class='ocrx_word' id='word_1_173' title='bbox 177 2099 223 2159; x_wconf 87' lang='lat' dir='ltr'>set</span> <span class='ocrx_word' id='word_1_174' title='bbox 243 2093 386 2177; x_wconf 76' lang='lat' dir='ltr'>(Scipio),</span> <span class='ocrx_word' id='word_1_175' title='bbox 408 2100 560 2176; x_wconf 81' lang='lat' dir='ltr'>quautam</span> <span class='ocrx_word' id='word_1_176' title='bbox 577 2095 735 2176; x_wconf 83' lang='lat' dir='ltr'>prodesset</span> <span class='ocrx_word' id='word_1_177' title='bbox 750 2096 872 2160; x_wconf 88' lang='lat' dir='ltr'>iustitia</span> <span class='ocrx_word' id='word_1_178' title='bbox 890 2096 1010 2161; x_wconf 74' lang='lat' dir='ltr'>uuicti</span> <span class='ocrx_word' id='word_1_179' title='bbox 1025 2103 1192 2180; x_wconf 83' lang='lat' dir='ltr'>quuutum-</span> 
     </span>
     <span class='ocr_line' id='line_1_23' title="bbox 178 2182 1191 2265; baseline 0.006 -19"><span class='ocrx_word' id='word_1_180' title='bbox 178 2202 236 2264; x_wconf 80' lang='lat' dir='ltr'>que</span> <span class='ocrx_word' id='word_1_181' title='bbox 257 2182 378 2260; x_wconf 86' lang='lat' dir='ltr'>obesset,</span> <span class='ocrx_word' id='word_1_182' title='bbox 401 2183 431 2247; x_wconf 89' lang='lat' dir='ltr'>si</span> <span class='ocrx_word' id='word_1_183' title='bbox 452 2183 589 2263; x_wconf 82' lang='lat' dir='ltr'>afuisset,</span> <span class='ocrx_word' id='word_1_184' title='bbox 611 2184 743 2265; x_wconf 80' lang='lat' dir='ltr'>suscepit</span> <span class='ocrx_word' id='word_1_185' title='bbox 763 2185 872 2250; x_wconf 75' lang='lat' dir='ltr'>duude</span> <span class='ocrx_word' id='word_1_186' title='bbox 893 2184 1016 2262; x_wconf 79' lang='lat' dir='ltr'>Philus,</span> <span class='ocrx_word' id='word_1_187' title='bbox 1038 2207 1122 2252; x_wconf 89' lang='lat' dir='ltr'>uuus</span> <span class='ocrx_word' id='word_1_188' title='bbox 1143 2207 1191 2252; x_wconf 87' lang='lat' dir='ltr'>co·</span> 
     </span>
     <span class='ocr_line' id='line_1_24' title="bbox 178 2272 1191 2357; baseline 0.005 -22"><span class='ocrx_word' id='word_1_189' title='bbox 178 2291 264 2347; x_wconf 87' lang='lat' dir='ltr'>rum,</span> <span class='ocrx_word' id='word_1_190' title='bbox 286 2272 341 2352; x_wconf 83' lang='lat' dir='ltr'>qui</span> <span class='ocrx_word' id='word_1_191' title='bbox 362 2272 567 2353; x_wconf 81' lang='lat' dir='ltr'>disputationi</span> <span class='ocrx_word' id='word_1_192' title='bbox 588 2273 726 2349; x_wconf 82' lang='lat' dir='ltr'>aderaut,</span> <span class='ocrx_word' id='word_1_193' title='bbox 751 2277 781 2337; x_wconf 87' lang='lat' dir='ltr'>et</span> <span class='ocrx_word' id='word_1_194' title='bbox 796 2275 946 2355; x_wconf 82' lang='lat' dir='ltr'>poposcit,</span> <span class='ocrx_word' id='word_1_195' title='bbox 968 2279 1005 2338; x_wconf 91' lang='lat' dir='ltr'>ut</span> <span class='ocrx_word' id='word_1_196' title='bbox 1025 2273 1099 2339; x_wconf 76' lang='lat' dir='ltr'>daec</span> <span class='ocrx_word' id='word_1_197' title='bbox 1120 2277 1191 2357; x_wconf 86' lang='lat' dir='ltr'>ipsa</span> 
     </span>
     <span class='ocr_line' id='line_1_25' title="bbox 178 2359 1190 2445; baseline 0.006 -22"><span class='ocrx_word' id='word_1_198' title='bbox 178 2361 314 2441; x_wconf 81' lang='lat' dir='ltr'>quaestio</span> <span class='ocrx_word' id='word_1_199' title='bbox 336 2359 515 2441; x_wconf 79' lang='lat' dir='ltr'>dilipeutius</span> <span class='ocrx_word' id='word_1_200' title='bbox 537 2365 721 2425; x_wconf 75' lang='lat' dir='ltr'>tractaretur</span> <span class='ocrx_word' id='word_1_201' title='bbox 742 2381 780 2426; x_wconf 86' lang='lat' dir='ltr'>ac</span> <span class='ocrx_word' id='word_1_202' title='bbox 801 2363 838 2426; x_wconf 83' lang='lat' dir='ltr'>de</span> <span class='ocrx_word' id='word_1_203' title='bbox 859 2363 981 2427; x_wconf 86' lang='lat' dir='ltr'>iustitia</span> <span class='ocrx_word' id='word_1_204' title='bbox 997 2363 1095 2445; x_wconf 82' lang='lat' dir='ltr'>pluro</span> <span class='ocrx_word' id='word_1_205' title='bbox 1112 2365 1190 2429; x_wconf 87' lang='lat' dir='ltr'>dice·</span> 
     </span>
     <span class='ocr_line' id='line_1_26' title="bbox 178 2448 1232 2536; baseline 0.007 -25"><span class='ocrx_word' id='word_1_206' title='bbox 178 2452 286 2512; x_wconf 88' lang='lat' dir='ltr'>reutur</span> <span class='ocrx_word' id='word_1_207' title='bbox 305 2454 430 2531; x_wconf 86' lang='lat' dir='ltr'>propter</span> <span class='ocrx_word' id='word_1_208' title='bbox 451 2448 539 2526; x_wconf 85' lang='lat' dir='ltr'>iilud,</span> <span class='ocrx_word' id='word_1_209' title='bbox 562 2450 644 2533; x_wconf 78' lang='lat' dir='ltr'>quod</span> <span class='ocrx_word' id='word_1_210' title='bbox 664 2451 731 2514; x_wconf 84' lang='lat' dir='ltr'>iam</span> <span class='ocrx_word' id='word_1_211' title='bbox 752 2451 841 2534; x_wconf 80' lang='lat' dir='ltr'>culpo</span> <span class='ocrx_word' id='word_1_212' title='bbox 862 2450 1025 2531; x_wconf 77' lang='lat' dir='ltr'>ferebatur,</span> <span class='ocrx_word' id='word_1_213' title='bbox 1047 2472 1114 2517; x_wconf 88' lang='lat' dir='ltr'>rem</span> <span class='ocrx_word' id='word_1_214' title='bbox 1129 2473 1190 2536; x_wconf 88' lang='lat' dir='ltr'>pu·</span> <span class='ocrx_word' id='word_1_215' title='bbox 1202 2470 1232 2511; x_wconf 58' lang='grc' dir='ltr'><strong>ἢ</strong></span> 
     </span>
     <span class='ocr_line' id='line_1_27' title="bbox 179 2536 1092 2624; baseline 0.003 -23"><span class='ocrx_word' id='word_1_216' title='bbox 179 2536 290 2601; x_wconf 80' lang='lat' dir='ltr'>blicam</span> <span class='ocrx_word' id='word_1_217' title='bbox 308 2539 377 2620; x_wconf 84' lang='lat' dir='ltr'>peri</span> <span class='ocrx_word' id='word_1_218' title='bbox 398 2538 465 2603; x_wconf 86' lang='lat' dir='ltr'>siue</span> <span class='ocrx_word' id='word_1_219' title='bbox 486 2538 607 2602; x_wconf 84' lang='lat' dir='ltr'>iuiuria</span> <span class='ocrx_word' id='word_1_220' title='bbox 628 2559 692 2603; x_wconf 89' lang='lat' dir='ltr'>uou</span> <span class='ocrx_word' id='word_1_221' title='bbox 708 2559 806 2621; x_wconf 87' lang='lat' dir='ltr'>posse.</span> <span class='ocrx_word' id='word_1_222' title='bbox 843 2539 989 2622; x_wconf 76' lang='lat' dir='ltr'>(Arpust.</span> <span class='ocrx_word' id='word_1_223' title='bbox 1014 2540 1033 2604; x_wconf 84' lang='lat' dir='ltr'>l.</span> <span class='ocrx_word' id='word_1_224' title='bbox 1056 2541 1092 2624; x_wconf 85' lang='lat' dir='ltr'>l.)</span> 
     </span>
    </p>

    <p class='ocr_par' dir='ltr' id='par_1_5' title="bbox 123 2606 1231 3335">
     <span class='ocr_line' id='line_1_28' title="bbox 123 2606 1190 2735; baseline 0.004 -44"><span class='ocrx_word' id='word_1_225' title='bbox 123 2606 205 2735; x_wconf 50' lang='grc' dir='ltr'>ξὲρ.</span> <span class='ocrx_word' id='word_1_226' title='bbox 224 2626 256 2707; x_wconf 79' lang='lat'>9]</span> <span class='ocrx_word' id='word_1_227' title='bbox 330 2626 544 2711; x_wconf 76' lang='lat' dir='ltr'>...plenam</span> <span class='ocrx_word' id='word_1_228' title='bbox 569 2648 639 2692; x_wconf 88' lang='lat' dir='ltr'>csse</span> <span class='ocrx_word' id='word_1_229' title='bbox 665 2627 820 2691; x_wconf 87' lang='lat' dir='ltr'>iustitiae.</span> <span class='ocrx_word' id='word_1_230' title='bbox 865 2625 949 2693; x_wconf 79' lang='lat' dir='ltr'>Turn</span> <span class='ocrx_word' id='word_1_231' title='bbox 974 2625 1096 2714; x_wconf 85' lang='lat' dir='ltr'>Scipio:</span> <span class='ocrx_word' id='word_1_232' title='bbox 1126 2629 1190 2695; x_wconf 85' lang='lat' dir='ltr'>Ad·</span> 
     </span>
     <span class='ocr_line' id='line_1_29' title="bbox 178 2714 1190 2801; baseline 0.006 -22"><span class='ocrx_word' id='word_1_233' title='bbox 178 2715 301 2779; x_wconf 90' lang='lat' dir='ltr'>sentior</span> <span class='ocrx_word' id='word_1_234' title='bbox 322 2737 400 2780; x_wconf 80' lang='lat' dir='ltr'>vero</span> <span class='ocrx_word' id='word_1_235' title='bbox 424 2714 638 2799; x_wconf 87' lang='lat' dir='ltr'>renuntioque</span> <span class='ocrx_word' id='word_1_236' title='bbox 660 2716 755 2780; x_wconf 84' lang='lat' dir='ltr'>robis</span> <span class='ocrx_word' id='word_1_237' title='bbox 774 2715 857 2780; x_wconf 90' lang='lat' dir='ltr'>nihil</span> <span class='ocrx_word' id='word_1_238' title='bbox 877 2738 956 2801; x_wconf 89' lang='lat' dir='ltr'>esse,</span> <span class='ocrx_word' id='word_1_239' title='bbox 980 2717 1067 2801; x_wconf 91' lang='lat' dir='ltr'>quod</span> <span class='ocrx_word' id='word_1_240' title='bbox 1086 2718 1190 2785; x_wconf 87' lang='lat' dir='ltr'>adhuc</span> 
     </span>
     <span class='ocr_line' id='line_1_30' title="bbox 177 2803 1190 2890; baseline 0.005 -23"><span class='ocrx_word' id='word_1_241' title='bbox 177 2804 273 2868; x_wconf 92' lang='lat' dir='ltr'>dere</span> <span class='ocrx_word' id='word_1_242' title='bbox 296 2803 427 2888; x_wconf 91' lang='lat' dir='ltr'>publica</span> <span class='ocrx_word' id='word_1_243' title='bbox 449 2803 570 2868; x_wconf 88' lang='lat' dir='ltr'>dictum</span> <span class='ocrx_word' id='word_1_244' title='bbox 592 2807 744 2887; x_wconf 90' lang='lat' dir='ltr'>putemus</span> <span class='ocrx_word' id='word_1_245' title='bbox 768 2809 825 2869; x_wconf 87' lang='lat' dir='ltr'>eut</span> <span class='ocrx_word' id='word_1_246' title='bbox 848 2827 912 2889; x_wconf 92' lang='lat' dir='ltr'>quo</span> <span class='ocrx_word' id='word_1_247' title='bbox 934 2807 1098 2890; x_wconf 85' lang='lat' dir='ltr'>possimus</span> <span class='ocrx_word' id='word_1_248' title='bbox 1121 2808 1190 2872; x_wconf 91' lang='lat' dir='ltr'>lon·</span> 
     </span>
     <span class='ocr_line' id='line_1_31' title="bbox 177 2891 1231 2979; baseline -0.002 -22"><span class='ocrx_word' id='word_1_249' title='bbox 177 2892 251 2979; x_wconf 80' lang='lat' dir='ltr'>gius</span> <span class='ocrx_word' id='word_1_250' title='bbox 273 2892 436 2978; x_wconf 82' lang='lat' dir='ltr'>progredi,</span> <span class='ocrx_word' id='word_1_251' title='bbox 458 2892 523 2956; x_wconf 93' lang='lat' dir='ltr'>nisi</span> <span class='ocrx_word' id='word_1_252' title='bbox 541 2891 604 2956; x_wconf 87' lang='lat' dir='ltr'>erit</span> <span class='ocrx_word' id='word_1_253' title='bbox 622 2892 850 2957; x_wconf 88' lang='lat' dir='ltr'>confirmatum</span> <span class='ocrx_word' id='word_1_254' title='bbox 868 2915 935 2959; x_wconf 90' lang='lat' dir='ltr'>non</span> <span class='ocrx_word' id='word_1_255' title='bbox 953 2895 1050 2960; x_wconf 91' lang='lat' dir='ltr'>modo</span> <span class='ocrx_word' id='word_1_256' title='bbox 1067 2894 1188 2961; x_wconf 86' lang='lat' dir='ltr'>falsum</span> <span class='ocrx_word' id='word_1_257' title='bbox 1202 2914 1231 2955; x_wconf 81' lang='lat' dir='ltr'>so</span> 
     </span>
     <span class='ocr_line' id='line_1_32' title="bbox 175 2979 1189 3067; baseline 0.006 -22"><span class='ocrx_word' id='word_1_258' title='bbox 175 2981 258 3045; x_wconf 87' lang='lat' dir='ltr'>illud</span> <span class='ocrx_word' id='word_1_259' title='bbox 280 3002 360 3065; x_wconf 90' lang='lat' dir='ltr'>esse,</span> <span class='ocrx_word' id='word_1_260' title='bbox 384 2980 453 3045; x_wconf 89' lang='lat' dir='ltr'>sine</span> <span class='ocrx_word' id='word_1_261' title='bbox 475 2979 594 3045; x_wconf 78' lang='lat' dir='ltr'>iniuria</span> <span class='ocrx_word' id='word_1_262' title='bbox 616 3002 683 3045; x_wconf 91' lang='lat' dir='ltr'>non</span> <span class='ocrx_word' id='word_1_263' title='bbox 700 3003 806 3067; x_wconf 87' lang='lat' dir='ltr'>posse,</span> <span class='ocrx_word' id='word_1_264' title='bbox 829 2982 886 3047; x_wconf 91' lang='lat' dir='ltr'>sed</span> <span class='ocrx_word' id='word_1_265' title='bbox 903 2981 966 3048; x_wconf 92' lang='lat' dir='ltr'>hoc</span> <span class='ocrx_word' id='word_1_266' title='bbox 984 2983 1189 3051; x_wconf 84' lang='lat' dir='ltr'>verissimum</span> 
     </span>
     <span class='ocr_line' id='line_1_33' title="bbox 176 3069 1188 3158; baseline 0.005 -25"><span class='ocrx_word' id='word_1_267' title='bbox 176 3091 260 3151; x_wconf 89' lang='lat' dir='ltr'>esse,</span> <span class='ocrx_word' id='word_1_268' title='bbox 290 3069 360 3134; x_wconf 89' lang='lat' dir='ltr'>sine</span> <span class='ocrx_word' id='word_1_269' title='bbox 390 3091 518 3134; x_wconf 90' lang='lat' dir='ltr'>summa</span> <span class='ocrx_word' id='word_1_270' title='bbox 546 3069 674 3134; x_wconf 91' lang='lat' dir='ltr'>iustitia</span> <span class='ocrx_word' id='word_1_271' title='bbox 704 3092 774 3134; x_wconf 89' lang='lat' dir='ltr'>rem</span> <span class='ocrx_word' id='word_1_272' title='bbox 802 3070 968 3155; x_wconf 88' lang='lat' dir='ltr'>publicam</span> <span class='ocrx_word' id='word_1_273' title='bbox 998 3073 1068 3158; x_wconf 82' lang='lat' dir='ltr'>geri</span> <span class='ocrx_word' id='word_1_274' title='bbox 1097 3075 1188 3140; x_wconf 92' lang='lat' dir='ltr'>nullo</span> 
     </span>
     <span class='ocr_line' id='line_1_34' title="bbox 176 3155 1188 3244; baseline 0.007 -23"><span class='ocrx_word' id='word_1_275' title='bbox 176 3186 203 3237; x_wconf 87' lang='lat' dir='ltr'>p.</span> <span class='ocrx_word' id='word_1_276' title='bbox 224 3160 271 3239; x_wconf 87' lang='lat'>10]</span> <span class='ocrx_word' id='word_1_277' title='bbox 295 3157 391 3222; x_wconf 91' lang='lat' dir='ltr'>modo</span> <span class='ocrx_word' id='word_1_278' title='bbox 410 3179 514 3242; x_wconf 87' lang='lat' dir='ltr'>posse.</span> <span class='ocrx_word' id='word_1_279' title='bbox 552 3155 623 3242; x_wconf 88' lang='lat' dir='ltr'>Sed,</span> <span class='ocrx_word' id='word_1_280' title='bbox 646 3158 675 3223; x_wconf 91' lang='lat' dir='ltr'>si</span> <span class='ocrx_word' id='word_1_281' title='bbox 693 3159 811 3244; x_wconf 91' lang='lat' dir='ltr'>placet,</span> <span class='ocrx_word' id='word_1_282' title='bbox 831 3158 836 3241; x_wconf 82' lang='lat'>1</span> <span class='ocrx_word' id='word_1_283' title='bbox 855 3159 890 3223; x_wconf 91' lang='lat' dir='ltr'>in</span> <span class='ocrx_word' id='word_1_284' title='bbox 908 3159 993 3226; x_wconf 91' lang='lat' dir='ltr'>hunc</span> <span class='ocrx_word' id='word_1_285' title='bbox 1012 3160 1097 3226; x_wconf 90' lang='lat' dir='ltr'>diem</span> <span class='ocrx_word' id='word_1_286' title='bbox 1115 3162 1188 3228; x_wconf 92' lang='lat' dir='ltr'>hac-</span> 
     </span>
     <span class='ocr_line' id='line_1_35' title="bbox 175 3243 1187 3335; baseline 0.006 -25"><span class='ocrx_word' id='word_1_287' title='bbox 175 3250 286 3328; x_wconf 83' lang='lat' dir='ltr'>tenus3</span> <span class='ocrx_word' id='word_1_288' title='bbox 314 3245 441 3329; x_wconf 90' lang='lat' dir='ltr'>reliqua</span> <span class='ocrx_word' id='word_1_289' title='bbox 469 3243 565 3332; x_wconf 88' lang='lat' dir='ltr'>(satis</span> <span class='ocrx_word' id='word_1_290' title='bbox 593 3247 679 3311; x_wconf 88' lang='lat' dir='ltr'>eninr</span> <span class='ocrx_word' id='word_1_291' title='bbox 708 3249 813 3312; x_wconf 92' lang='lat' dir='ltr'>multa</span> <span class='ocrx_word' id='word_1_292' title='bbox 835 3247 976 3335; x_wconf 85' lang='lat' dir='ltr'>restant)</span> <span class='ocrx_word' id='word_1_293' title='bbox 1001 3248 1187 3316; x_wconf 87' lang='lat' dir='ltr'>differamus</span> 
     </span>
    </p>
   </div>
   <div class='ocr_carea' id='block_1_3' title="bbox 175 3331 1229 3486">
    <p class='ocr_par' dir='ltr' id='par_1_6' title="bbox 175 3331 1229 3486">
     <span class='ocr_line' id='line_1_36' title="bbox 175 3331 1229 3422; baseline 0.001 -24"><span class='ocrx_word' id='word_1_294' title='bbox 175 3333 210 3398; x_wconf 90' lang='lat' dir='ltr'>in</span> <span class='ocrx_word' id='word_1_295' title='bbox 233 3333 420 3399; x_wconf 89' lang='lat' dir='ltr'>crastinum.</span> <span class='ocrx_word' id='word_1_296' title='bbox 456 3331 539 3398; x_wconf 80' lang='lat' dir='ltr'>Cum</span> <span class='ocrx_word' id='word_1_297' title='bbox 561 3334 610 3399; x_wconf 90' lang='lat' dir='ltr'>ita</span> <span class='ocrx_word' id='word_1_298' title='bbox 632 3335 822 3420; x_wconf 89' lang='lat' dir='ltr'>placuisset,</span> <span class='ocrx_word' id='word_1_299' title='bbox 845 3336 920 3401; x_wconf 91' lang='lat' dir='ltr'>finis</span> <span class='ocrx_word' id='word_1_300' title='bbox 943 3336 1131 3422; x_wconf 89' lang='lat' dir='ltr'>disputandi</span> <span class='ocrx_word' id='word_1_301' title='bbox 1153 3339 1188 3404; x_wconf 90' lang='lat' dir='ltr'>in</span> <span class='ocrx_word' id='word_1_302' title='bbox 1201 3359 1229 3400; x_wconf 82' lang='lat' dir='ltr'>cs</span> 
     </span>
     <span class='ocr_line' id='line_1_37' title="bbox 176 3420 569 3486; baseline 0 0"><span class='ocrx_word' id='word_1_303' title='bbox 176 3443 249 3486; x_wconf 89' lang='lat' dir='ltr'>eum</span> <span class='ocrx_word' id='word_1_304' title='bbox 273 3420 358 3484; x_wconf 86' lang='lat' dir='ltr'>diem</span> <span class='ocrx_word' id='word_1_305' title='bbox 380 3420 487 3486; x_wconf 85' lang='lat' dir='ltr'>factus</span> <span class='ocrx_word' id='word_1_306' title='bbox 511 3425 569 3486; x_wconf 90' lang='lat' dir='ltr'>est.</span> 
     </span>
    </p>
   </div>
   <div class='ocr_carea' id='block_1_4' title="bbox 575 3547 786 3556">
    <p class='ocr_par' dir='ltr' id='par_1_7' title="bbox 575 3547 786 3556">
     <span class='ocr_line' id='line_1_38' title="bbox 575 3547 786 3556; baseline 0.009 -2"><span class='ocrx_word' id='word_1_307' title='bbox 575 3547 786 3556; x_wconf 67' lang='lat'>———.—-..</span> 
     </span>
    </p>
   </div>
   <div class='ocr_carea' id='block_1_5' title="bbox 0 0 1333 3924">
    <p class='ocr_par' dir='ltr' id='par_1_8' title="bbox 0 0 1333 3924">
     <span class='ocr_line' id='line_1_39' title="bbox 0 0 1333 3924; baseline 0 0"><span class='ocrx_word' id='word_1_308' title='bbox 0 0 1333 3924; x_wconf 95' lang='lat' dir='ltr'> </span> 
     </span>
    </p>
   </div>
  </div>
 </body>
</html>
