2652 3908
370 205 438 263 nna
457 206 506 264 In
533 206 609 264 osP.
629 212 743 263 ae-sa
766 211 915 274 cao-m
1087 206 1150 271 139

142 374 217 438 que,
250 373 324 419 cum
354 350 386 417 ei
416 350 588 439 naviganti
616 355 762 418 vectores
790 352 928 417 adversa
954 353 1152 436 tempestate

141 441 248 506 timidi
271 444 305 507 et
326 440 494 526 perterriti
516 441 658 507 dicerent
680 462 746 506 non
765 439 888 506 'iniuria
910 438 974 505 sibi
995 439 1079 504 illud
1101 460 1152 504 ac·

140 530 255 609 cidere,
278 528 335 614 qui
356 528 451 594 illum
473 528 509 593 in
529 529 664 595 eandem
681 551 798 594 navem
810 528 1023 613 recepissent,
1046 533 1152 593 osten·

141 618 190 683 dit
218 617 324 684 eisin
345 617 458 684 eodem
481 639 577 684 cursu
600 619 722 684 multas
744 617 828 683 alias
850 616 1033 684 laborantis
1057 637 1153 702 quae·

114 706 296 792 astusque,
327 728 406 771 num
437 705 538 772 etiam
568 706 603 771 iu
634 706 675 771 iis
704 705 843 772 navibus
868 704 1050 793 Diagoram
1076 702 1154 770 vehi

143 796 318 875 crederent.
363 791 417 861 Sic
443 794 532 861 enim
558 816 610 860 res
639 816 674 860 se
696 794 810 880 habet,
836 796 875 861 ut
897 795 939 860 ad
960 815 1154 880 prosperam

142 885 353 951 adversamve
374 883 552 969 fortunam,
575 883 681 968 qualis
705 884 751 948 sis
769 887 828 950 aut
845 904 942 969 quem
961 883 1003 948 ad
1020 880 1154 948 modum

141 972 269 1127 ttelt
285 970 640 1147 irrorante
657 971 1153 1146 ttttlmdtllttt
1171 985 1205 1035 ⁹⁰

263 1110 273 1146 ,
627 1111 635 1126 .

105 1167 130 1207 ιο
143 1151 230 1216 enim
252 1149 281 1215 si
304 1149 442 1216 scientes
464 1150 745 1236 praetermittunt,
767 1172 890 1237 magna
911 1150 1008 1234 culpa
1030 1153 1095 1233 est3
1118 1151 1154 1214 at
1163 1154 1205 1220 38

143 1239 202 1305 deo
231 1259 273 1304 ne
305 1238 470 1304 excusatio
494 1238 625 1324 quidem
647 1239 919 1305 estiuscientiae.
964 1236 1067 1314 Quem
1094 1258 1153 1304 vos

143 1327 308 1414 praeclare
326 1326 509 1412 defenditis,
526 1350 601 1395 cum
619 1326 726 1394 dicitis
745 1350 817 1395 eam
835 1327 902 1393 vim
915 1327 1056 1392 *deorum
1074 1348 1154 1410 esse,

143 1419 193 1500 ut,
222 1415 353 1482 etiamsi
380 1417 453 1501 quis
480 1420 586 1482 morte
608 1438 730 1502 poenas
754 1415 885 1482 sceleris
908 1415 1073 1501 effugerit,
1102 1436 1154 1479 ex·

143 1507 297 1591 petantur
319 1525 376 1570 eae
396 1526 520 1590 poenae
538 1526 559 1571 a
576 1504 698 1591 liberis,
721 1526 742 1569 a
758 1504 943 1589 nepotibus,
965 1526 986 1569 a
1003 1503 1154 1588 posteris.

104 1592 170 1661 ¹⁶0
198 1593 316 1660 miram
343 1593 542 1678 aequitatem
570 1593 716 1660 deorum!
759 1591 915 1658 Ferretne
942 1592 1058 1658 civitas
1085 1591 1155 1656 ulla

142 1682 282 1749 latorem
304 1681 402 1747 istius
424 1681 513 1747 modi
532 1682 625 1769 legis,
647 1686 686 1747 ut
702 1681 973 1747 condemnaretur
990 1680 1078 1746 filius
1096 1683 1155 1745 aut

142 1792 254 1858 nepos,
277 1770 306 1836 si
328 1774 424 1857 pater
446 1775 504 1837 aut
526 1792 607 1836 avus
630 1770 842 1854 deliquisset?

209 1892 370 1970 Quius'am
392 1894 689 1962 Tantalidarum
711 1892 976 1961 internecioni
995 1892 1127 1960 modus

208 1980 395 2050 Paretur?
423 1987 490 2050 aut
513 2006 700 2070 quaenam
722 1988 899 2069 quuam
923 1984 972 2090 ⁰b,
993 1989 1155 2135 mqptem

103 2176 131 2218 ¹⁰
209 2158 355 2227 Poenis
377 2161 531 2228 luendis
555 2162 712 2228 dabitur
734 2161 858 2227 satias
882 2072 1075 2247 effididill

143 2302 264 2370 Utrum
294 2307 411 2389 poetae
437 2301 566 2369 Stoicos
595 2303 819 2390 depravarint,
851 2323 894 2368 an
921 2299 1022 2368 Stoici
1049 2301 1155 2387 poetis
1174 2317 1204 2364 ei

144 2392 292 2457 dederint
324 2392 568 2477 auctoritatem,
598 2413 665 2458 non
695 2391 792 2459 facile
821 2391 972 2474 discrima
1003 2393 1158 2477 portenta

145 2480 232 2546 enim
259 2480 301 2546 ab
329 2480 476 2564 utrisque
503 2484 536 2545 et
563 2481 691 2567 flagitia
718 2478 878 2547 dicuutur.
923 2479 1038 2564 Neque
1061 2478 1157 2561 euim,

145 2590 241 2653 quem
254 2567 472 2654 Hipponactis
489 2568 617 2634 iambus
636 2569 785 2654 laeserat,
803 2573 861 2636 aut
879 2569 936 2655 qui
954 2572 1026 2634 erat
1042 2566 1158 2633 Archi·

104 2672 132 2715 ²⁵
145 2656 234 2723 lochi
255 2679 351 2724 versu
373 2657 571 2741 volneratus,
594 2657 696 2723 adeo
718 2658 890 2725 inmissum
913 2658 1069 2741 dolorem,
1090 2677 1158 2721 non

146 2749 338 2831 conceptum
363 2768 386 2812 a
410 2767 446 2811 se
472 2746 545 2832 ipso
573 2745 776 2830 continebat,
800 2768 875 2832 nee,
903 2769 976 2813 cum
1003 2744 1157 2832 Aegisthi

146 2832 316 2898 libidinem
338 2837 396 2901 aut
418 2856 492 2900 cum
508 2833 637 2900 Paridis
659 2833 816 2920 ridemus,
837 2857 858 2901 a
881 2835 941 2901 deo
959 2855 1091 2901 causam
1109 2854 1157 2899 re·

145 2922 315 3008 quirinu,
336 2944 410 2990 cnm
432 2922 547 3009 culpae
565 2944 669 3009 paene
685 2945 798 2990 vocem
817 2922 995 3008 audiamus,
1016 2943 1077 2990 nec
1095 2942 1156 3009 ego

145 3011 325 3078 multorum
351 3032 525 3099 aegrorum
552 3012 692 3077 salutem
718 3033 786 3079 non
812 3013 854 3077 ab
877 3011 1079 3098 Hippocrate
1101 3032 1157 3096 po·

105 3100 211 3167 arius
234 3122 333 3186 quam
356 3099 399 3166 ab
422 3099 619 3186 Aesculapio
642 3100 754 3165 datam
775 3100 896 3184 iudico,
918 3123 978 3168 nec
999 3099 1157 3168 Lacedae

143 3189 327 3256 mouiorum
364 3188 570 3275 disciplinam
602 3188 708 3254 dicam
739 3210 895 3272 umquam
927 3189 969 3255 ab
1001 3187 1157 3275 Apolline

142 3278 252 3364 potius
271 3275 409 3364 Spartae
432 3300 531 3363 quam
553 3276 736 3364 aLyourgo
755 3276 876 3343 datam
912 3273 1089 3363 Critolaus,
1110 3278 1157 3341 in·

143 3363 1156 3523 lt”tt⁶0fllt⁰zttlltattlt³tlttnltltllat}

102 3560 130 3602 ⁸⁵
144 3543 256 3630 aliqui,
273 3567 370 3630 quem
384 3544 516 3611 omnino
530 3544 628 3610 irasci
640 3565 738 3630 posse
751 3543 892 3629 negatis,
906 3505 993 3608 ddus.
1020 3542 1067 3607 Aa
1080 3541 1155 3607 sula
1174 3553 1207 3601 aa
