2654 3924
184 177 249 244 298
543 176 592 231 DE
611 176 659 232 RE
677 175 835 232 PUBLIOA
925 235 929 239 .

179 350 207 402 p.
227 324 292 405 166]
325 322 432 387 minus
460 320 466 406 Ι
496 322 655 388 barbaros
687 343 786 406 quam
814 319 981 388 Romanos
1012 324 1101 407 pute.
1147 319 1201 387 Et

180 408 301 494 Scipio:
329 410 433 494 Atqui
455 409 497 475 ad
519 410 595 494 hoe,
622 409 662 475 de
685 431 748 494 quo
773 409 895 497 agitur,
916 431 982 476 non
1006 409 1198 494 quaerimus

180 503 320 585 gentem,
341 497 474 585 ingenia
497 498 690 582 quaerimus.
726 495 762 564 Si
785 497 871 563 euim
890 501 924 564 et
940 498 1117 583 prudentes
1135 497 1198 563 ho-

180 587 283 652 mines
315 590 349 653 et
379 607 447 652 non
478 590 604 652 veteres
631 606 724 671 reges
751 585 872 652 habere
898 586 1085 674 voluerunt,
1116 589 1198 652 utor

180 697 284 760 neque
310 674 513 760 perantiquis
540 695 644 758 neque
670 673 857 740 inhumanis
879 697 918 740 ae
939 673 1018 740 feris
1041 674 1229 740 testibuso

247 763 331 829 Tum
357 762 501 829 Laelius:
528 762 632 829 Video
655 766 702 847 te,
729 759 852 848 Scipio,
883 762 1080 828 testimoniis
1110 763 1195 828 satis

180 853 389 935 instructum,
420 851 476 916 sed
506 851 592 936 apud
621 873 687 936 me,
716 855 754 916 ut
781 851 867 936 apud
894 851 1016 917 bonum
1044 850 1197 935 iudicem,

180 969 207 1021 p.
228 942 293 1022 164]
318 942 512 1026 argumenta
533 940 725 1024 plusquam
742 944 845 1005 testes
862 939 982 1005 valent.
1003 939 1008 1024 Ι
1028 938 1111 1005 Tum
1127 937 1197 1005 Sci·

180 1029 249 1114 pio:
276 1026 378 1094 Utere
400 1027 502 1113 igitur
525 1031 732 1114 argumento,
758 1026 864 1111 Laeli,
891 1031 963 1093 tute
984 1028 1055 1113 ipse
1078 1049 1195 1093 sensus

180 1117 238 1182 tui.
275 1114 384 1201 Cuius,
406 1116 513 1201 inquit
530 1117 596 1200 ille,
619 1116 755 1181 sensus?
790 1117 822 1181 S.
841 1113 876 1181 Si
895 1115 1032 1201 quando,
1051 1116 1080 1180 si
1097 1115 1194 1200 forte,
1211 1136 1241 1176 ιο

181 1205 243 1270 tibi
266 1204 354 1270 visua
378 1226 412 1270 es
431 1204 528 1271 irasci
547 1204 652 1271 alicui.
684 1205 724 1271 L.
745 1203 820 1291 Ego
838 1226 915 1270 vero
934 1204 1073 1289 saepius,
1094 1227 1196 1289 quam

182 1293 309 1371 vellem.
340 1292 373 1359 S.
392 1291 497 1368 Quid?
520 1296 602 1378 tum,
623 1315 696 1358 cum
716 1297 753 1358 tu
771 1314 806 1358 66
823 1293 938 1376 iratus,
959 1293 1123 1379 permittis
1142 1293 1196 1357 illi

183 1382 367 1447 iracundiae
391 1381 593 1447 dominatum
616 1382 718 1446 animi
740 1382 811 1447 tui?
841 1381 879 1447 L.
901 1379 979 1446 Non
1000 1381 1195 1466 mehercule,

183 1471 303 1555 inquit,
333 1470 390 1537 sed
417 1470 529 1535 imiter
556 1470 737 1554 Archytam
763 1470 859 1535 illum
881 1468 1107 1555 Tarentinum,
1137 1470 1195 1555 qui

183 1581 256 1625 cum
279 1557 321 1625 ad
342 1558 457 1625 villam
480 1559 622 1625 venisset
645 1563 678 1624 et
701 1559 811 1625 omnia
833 1558 930 1627 aliter
948 1558 1136 1625 offendisset
1154 1581 1194 1625 ao
1209 1579 1236 1618 ra

181 1677 208 1728 p.
229 1650 293 1729 aee]
320 1646 474 1731 iusserat,
506 1646 549 1712 ‘A
579 1650 622 1711 te
649 1646 912 1734 infeliccm',
943 1644 1193 1733 161166116νῦ166,

182 1737 307 1821 ‘quem
342 1756 540 1801 necassem
571 1735 648 1800 iam
679 1735 923 1820 verberibus,
958 1735 1035 1800 nisi
1066 1735 1192 1801 iratus

127 1838 163 1885 66
181 1822 325 1891 essem?
371 1822 515 1909 Optime,
541 1823 649 1908 inquit
671 1820 788 1908 Scipio.
823 1822 915 1910 Ergo
938 1823 1102 1909 Archytas
1131 1825 1192 1888 ira-

180 1913 330 1981 cundiam
366 1911 516 1978 videlioet
548 1912 759 1977 dissidentem
790 1934 811 1977 a
841 1912 968 1978 ratione
1000 1912 1192 1978 seditionem

182 2000 344 2086 quandam
362 2000 463 2066 animi
480 2021 555 2066 rere
574 2000 712 2066 ducebat
726 2021 855 2084 eamque
867 2000 1003 2066 oonsilio
1018 2000 1125 2066 sedari
1137 2023 1192 2068 vo·
1206 2020 1233 2060 2⁰

181 2089 284 2173 lebat3
308 2089 389 2154 adde
412 2088 598 2172 avaritiam,
621 2088 702 2154 adde
723 2088 866 2173 imperii,
889 2088 970 2154 adde
993 2088 1118 2174 gloriae
1140 2112 1192 2156 cu-

181 2178 366 2264 piditatem,
390 2176 470 2242 adde
492 2175 657 2261 libidines3
685 2180 718 2242 et
739 2177 822 2242 illud
844 2177 944 2261 vides,
967 2177 996 2242 si
1017 2177 1053 2259 in
1074 2179 1191 2243 animis

181 2265 351 2332 hominum
373 2265 484 2351 regale
506 2264 679 2351 imperium
703 2265 755 2349 sit,
778 2265 872 2331 unius
890 2264 961 2331 fore
980 2265 1190 2351 dominatum,

181 2383 209 2436 p.
224 2357 288 2435 aee]
309 2354 436 2420 consilii
455 2353 578 2418 scilicet
597 2350 651 2440 (ea
663 2357 714 2419 est
728 2354 815 2419 enim
829 2353 930 2419 animi
943 2376 1020 2438 pars
1034 2353 1191 2442 epitima),

182 2443 317 2509 consilio
337 2446 446 2508 autem
465 2442 651 2507 dominante
669 2443 796 2507 nullum
815 2463 885 2508 esse
904 2442 1104 2522 libidinibus,
1121 2444 1191 2508 nul·
1205 2463 1231 2504 aa

182 2533 251 2597 lum
273 2532 350 2615 irae,
372 2531 499 2597 nullum
520 2531 699 2596 temeritati
718 2532 833 2596 locum.
862 2531 900 2597 L.
919 2529 980 2615 Sic,
997 2532 1113 2617 inquit,
1132 2536 1190 2598 est.

182 2621 215 2688 S.
238 2620 363 2686 Probas
382 2619 484 2705 igitur
502 2619 646 2685 animum
664 2620 712 2685 ita
731 2618 916 2686 adfectum?
937 2620 976 2685 L.
994 2619 1087 2686 Nihil
1105 2642 1191 2706 vero,

181 2709 297 2795 inquit,
320 2708 434 2795 magis.
462 2707 495 2775 S.
517 2707 607 2794 Ergo
625 2730 692 2773 non
709 2709 875 2793 probares,
894 2730 923 2773 s1
941 2709 1076 2775 consilio
1095 2710 1189 2795 pulso

182 2798 342 2882 libidines,
357 2819 439 2882 quae
449 2800 526 2862 sunt
535 2797 796 2880 innumerabiles,
810 2796 1034 2863 iracundiaeve
1043 2800 1190 2863 tenerent

182 2887 314 2954 omnia?
336 2887 374 2953 L.
388 2885 461 2972 Ego
479 2907 556 2951 vero
575 2885 657 2950 nihil
673 2885 738 2951 isto
753 2884 871 2970 animo,
888 2883 971 2951 nihil
985 2885 1033 2949 ita
1046 2886 1189 2952 animato
1203 2905 1229 2945 ao

182 3005 210 3056 p.
224 2979 289 3057 667]
309 2975 439 3041 homine
455 2973 459 3061 Ι
476 2974 625 3039 miserius
644 2974 801 3039 ducerem.
827 2972 861 3041 S.
884 2969 951 3039 Sub
970 2994 1070 3060 regno
1088 2974 1190 3060 igitur

182 3065 244 3129 tibi
259 3085 329 3128 esse
343 3063 451 3148 placet
465 3062 570 3128 omnis
585 3061 686 3127 animi
723 3066 819 3145 artes,
832 3064 866 3127 et
880 3083 934 3127 eas
948 3062 1020 3147 regi
1033 3063 1189 3129 consilio?

182 3154 219 3218 L.
238 3151 319 3217 Mihi
340 3172 417 3216 vero
437 3150 483 3216 sic
500 3150 617 3235 placet.
644 3150 678 3216 S.
697 3086 762 3215 dur
779 3150 882 3236 igitur
900 3150 1038 3235 dubitas,
1057 3151 1133 3235 quid
1152 3152 1189 3216 de

183 3240 368 3326 republica
390 3238 534 3303 sentias?
561 3238 596 3301 in
619 3260 691 3322 qua,
715 3238 800 3303 siin
822 3239 931 3323 plures
954 3239 1117 3304 translata
1139 3262 1189 3305 res

183 3329 236 3412 sit,
257 3327 407 3410 intellegi
423 3326 489 3390 iam
508 3325 585 3391 licet
602 3325 729 3390 nullum
747 3325 826 3410 fore,
850 3324 936 3410 quod
953 3327 1085 3412 praesit,
1103 3328 1189 3413 inpe
1202 3345 1227 3387 66

132 3416 276 3526 39rium,
300 3414 385 3498 quod
404 3413 541 3497 quidem,
563 3413 627 3478 uisi
645 3435 745 3478 unum
764 3413 817 3497 sit,
840 3434 911 3479 esse
927 3414 1056 3481 nullum
1072 3419 1189 3500 potest.

132 3540 163 3589 el
250 3502 333 3566 Tum
355 3500 502 3566 Laelius:
529 3499 626 3583 Quid,
654 3521 788 3586 quaese,
815 3501 953 3567 interest
979 3502 1065 3567 inter
1091 3527 1187 3568 unum

24 727 170 859 ‘a
