<?xml version="1.0" encoding="UTF-8"?>
<!DOCTYPE html PUBLIC "-//W3C//DTD XHTML 1.0 Transitional//EN"
    "http://www.w3.org/TR/xhtml1/DTD/xhtml1-transitional.dtd">
<html xmlns="http://www.w3.org/1999/xhtml" xml:lang="en" lang="en">
 <head>
  <title>
</title>
<meta http-equiv="Content-Type" content="text/html;charset=utf-8" />
  <meta name='ocr-system' content='tesseract 3.04.00' />
  <meta name='ocr-capabilities' content='ocr_page ocr_carea ocr_par ocr_line ocrx_word'/>
</head>
<body>
  <div class='ocr_page' id='page_1' title='image "./mtulliiciceroni00salegoog_0074.png"; bbox 0 0 2630 3904; ppageno 0'>
   <div class='ocr_carea' id='block_1_1' title="bbox 352 205 1109 274">
    <p class='ocr_par' dir='ltr' id='par_1_1' title="bbox 352 205 1109 274">
     <span class='ocr_line' id='line_1_1' title="bbox 352 205 1109 274; baseline 0.013 -14"><span class='ocrx_word' id='word_1_1' title='bbox 352 206 421 264; x_wconf 73' lang='lat' dir='ltr'>nna</span> <span class='ocrx_word' id='word_1_2' title='bbox 440 207 462 264; x_wconf 87' lang='lat'>1.</span> <span class='ocrx_word' id='word_1_3' title='bbox 482 206 559 263; x_wconf 81' lang='lat' dir='ltr'>cAP.</span> <span class='ocrx_word' id='word_1_4' title='bbox 580 211 693 264; x_wconf 80' lang='lat' dir='ltr'>n-ao.</span> <span class='ocrx_word' id='word_1_5' title='bbox 712 212 728 274; x_wconf 64' lang='lat' dir='ltr'>a</span> <span class='ocrx_word' id='word_1_6' title='bbox 746 212 860 266; x_wconf 75' lang='lat' dir='ltr'>as-aa</span> <span class='ocrx_word' id='word_1_7' title='bbox 1067 205 1109 270; x_wconf 81' lang='lat'>21</span> 
     </span>
    </p>
   </div>
   <div class='ocr_carea' id='block_1_2' title="bbox 56 350 1293 1855">
    <p class='ocr_par' dir='ltr' id='par_1_2' title="bbox 56 350 1293 1855">
     <span class='ocr_line' id='line_1_2' title="bbox 93 350 1111 438; baseline -0.003 -20"><span class='ocrx_word' id='word_1_8' title='bbox 93 352 220 418; x_wconf 83' lang='lat' dir='ltr'>existat</span> <span class='ocrx_word' id='word_1_9' title='bbox 248 360 283 418; x_wconf 88' lang='lat' dir='ltr'>et</span> <span class='ocrx_word' id='word_1_10' title='bbox 305 351 347 417; x_wconf 88' lang='lat' dir='ltr'>ad</span> <span class='ocrx_word' id='word_1_11' title='bbox 367 373 428 418; x_wconf 91' lang='lat' dir='ltr'>nos</span> <span class='ocrx_word' id='word_1_12' title='bbox 452 351 587 435; x_wconf 84' lang='lat' dir='ltr'>adfluat,</span> <span class='ocrx_word' id='word_1_13' title='bbox 615 373 690 417; x_wconf 89' lang='lat' dir='ltr'>cum</span> <span class='ocrx_word' id='word_1_14' title='bbox 712 351 864 417; x_wconf 82' lang='lat' dir='ltr'>maximis</span> <span class='ocrx_word' id='word_1_15' title='bbox 885 350 1111 438; x_wconf 82' lang='lat' dir='ltr'>voluptatibus</span> 
     </span>
     <span class='ocr_line' id='line_1_3' title="bbox 93 440 1112 526; baseline -0.003 -19"><span class='ocrx_word' id='word_1_16' title='bbox 93 441 130 507; x_wconf 92' lang='lat' dir='ltr'>in</span> <span class='ocrx_word' id='word_1_17' title='bbox 152 462 210 506; x_wconf 90' lang='lat' dir='ltr'>eas</span> <span class='ocrx_word' id='word_1_18' title='bbox 229 440 390 525; x_wconf 79' lang='lat' dir='ltr'>imagines</span> <span class='ocrx_word' id='word_1_19' title='bbox 409 443 552 507; x_wconf 79' lang='lat' dir='ltr'><strong>mentem</strong></span> <span class='ocrx_word' id='word_1_20' title='bbox 569 440 731 505; x_wconf 90' lang='lat' dir='ltr'>intentam</span> <span class='ocrx_word' id='word_1_21' title='bbox 749 441 946 526; x_wconf 87' lang='lat' dir='ltr'>infixamque</span> <span class='ocrx_word' id='word_1_22' title='bbox 964 444 1112 506; x_wconf 86' lang='lat' dir='ltr'>nostram</span> 
     </span>
     <span class='ocr_line' id='line_1_4' title="bbox 93 528 1293 625; baseline -0.001 -30"><span class='ocrx_word' id='word_1_23' title='bbox 93 529 361 616; x_wconf 77' lang='lat' dir='ltr'>intellegentiam</span> <span class='ocrx_word' id='word_1_24' title='bbox 393 550 522 614; x_wconf 85' lang='lat' dir='ltr'>capere,</span> <span class='ocrx_word' id='word_1_25' title='bbox 554 549 637 613; x_wconf 86' lang='lat' dir='ltr'>quae</span> <span class='ocrx_word' id='word_1_26' title='bbox 668 528 713 594; x_wconf 92' lang='lat' dir='ltr'>sit</span> <span class='ocrx_word' id='word_1_27' title='bbox 745 533 778 593; x_wconf 91' lang='lat' dir='ltr'>et</span> <span class='ocrx_word' id='word_1_28' title='bbox 809 529 907 595; x_wconf 92' lang='lat' dir='ltr'>beata</span> <span class='ocrx_word' id='word_1_29' title='bbox 934 532 1052 594; x_wconf 87' lang='lat' dir='ltr'>natura</span> <span class='ocrx_word' id='word_1_30' title='bbox 1080 532 1114 594; x_wconf 88' lang='lat' dir='ltr'>ct</span> <span class='ocrx_word' id='word_1_31' title='bbox 1291 564 1293 625; x_wconf 51' lang='lat'>,</span> 
     </span>
     <span class='ocr_line' id='line_1_5' title="bbox 96 614 1293 705; baseline -0.003 -22"><span class='ocrx_word' id='word_1_32' title='bbox 96 621 244 683; x_wconf 86' lang='lat' dir='ltr'>aeterna.</span> <span class='ocrx_word' id='word_1_33' title='bbox 296 614 432 684; x_wconf 85' lang='lat' dir='ltr'>Summa</span> <span class='ocrx_word' id='word_1_34' title='bbox 462 638 540 683; x_wconf 84' lang='lat' dir='ltr'>vero</span> <span class='ocrx_word' id='word_1_35' title='bbox 571 617 622 683; x_wconf 85' lang='lat' dir='ltr'>vis</span> <span class='ocrx_word' id='word_1_36' title='bbox 653 616 827 683; x_wconf 84' lang='lat' dir='ltr'>infinitatis</span> <span class='ocrx_word' id='word_1_37' title='bbox 860 622 894 683; x_wconf 90' lang='lat' dir='ltr'>et</span> <span class='ocrx_word' id='word_1_38' title='bbox 923 638 1046 705; x_wconf 80' lang='lat' dir='ltr'>magna</span> <span class='ocrx_word' id='word_1_39' title='bbox 1076 638 1114 682; x_wconf 88' lang='lat' dir='ltr'>ac</span> <span class='ocrx_word' id='word_1_40' title='bbox 1133 630 1167 680; x_wconf 78' lang='lat' dir='ltr'>oo</span> <span class='ocrx_word' id='word_1_41' title='bbox 1261 670 1264 674; x_wconf 91' lang='grc'>.</span> <span class='ocrx_word' id='word_1_42' title='bbox 1291 628 1293 649; x_wconf 71' lang='lat'><em>²</em></span> 
     </span>
     <span class='ocr_line' id='line_1_6' title="bbox 67 705 1115 793; baseline 0 -23"><span class='ocrx_word' id='word_1_43' title='bbox 67 705 254 792; x_wconf 72' lang='lat' dir='ltr'>odiligenti</span> <span class='ocrx_word' id='word_1_44' title='bbox 275 706 551 792; x_wconf 87' lang='lat' dir='ltr'>contemplatione</span> <span class='ocrx_word' id='word_1_45' title='bbox 574 705 767 793; x_wconf 83' lang='lat' dir='ltr'>dignissima</span> <span class='ocrx_word' id='word_1_46' title='bbox 789 710 852 791; x_wconf 88' lang='lat' dir='ltr'>est,</span> <span class='ocrx_word' id='word_1_47' title='bbox 878 706 912 772; x_wconf 93' lang='lat' dir='ltr'>in</span> <span class='ocrx_word' id='word_1_48' title='bbox 936 727 1001 792; x_wconf 92' lang='lat' dir='ltr'>qua</span> <span class='ocrx_word' id='word_1_49' title='bbox 1021 706 1115 771; x_wconf 90' lang='lat' dir='ltr'>intel·</span> 
     </span>
     <span class='ocr_line' id='line_1_7' title="bbox 96 793 1115 882; baseline -0.001 -22"><span class='ocrx_word' id='word_1_50' title='bbox 96 796 167 882; x_wconf 82' lang='lat' dir='ltr'>legi</span> <span class='ocrx_word' id='word_1_51' title='bbox 190 815 324 860; x_wconf 87' lang='lat' dir='ltr'>necesse</span> <span class='ocrx_word' id='word_1_52' title='bbox 347 798 399 860; x_wconf 85' lang='lat' dir='ltr'>est</span> <span class='ocrx_word' id='word_1_53' title='bbox 417 816 489 860; x_wconf 89' lang='lat' dir='ltr'>eam</span> <span class='ocrx_word' id='word_1_54' title='bbox 508 815 579 860; x_wconf 88' lang='lat' dir='ltr'>esse</span> <span class='ocrx_word' id='word_1_55' title='bbox 596 798 758 880; x_wconf 90' lang='lat' dir='ltr'>naturam,</span> <span class='ocrx_word' id='word_1_56' title='bbox 780 799 818 860; x_wconf 90' lang='lat' dir='ltr'>ut</span> <span class='ocrx_word' id='word_1_57' title='bbox 836 793 947 861; x_wconf 89' lang='lat' dir='ltr'>omnia</span> <span class='ocrx_word' id='word_1_58' title='bbox 963 794 1115 860; x_wconf 86' lang='lat' dir='ltr'>omnibus</span> 
     </span>
     <span class='ocr_line' id='line_1_8' title="bbox 97 881 1116 969; baseline -0.001 -21"><span class='ocrx_word' id='word_1_59' title='bbox 97 884 235 969; x_wconf 88' lang='lat' dir='ltr'>paribus</span> <span class='ocrx_word' id='word_1_60' title='bbox 266 883 359 969; x_wconf 91' lang='lat' dir='ltr'>paria</span> <span class='ocrx_word' id='word_1_61' title='bbox 381 883 608 969; x_wconf 81' lang='lat' dir='ltr'>respondeant</span> <span class='ocrx_word' id='word_1_62' title='bbox 652 881 747 949; x_wconf 93' lang='lat' dir='ltr'>Hanc</span> <span class='ocrx_word' id='word_1_63' title='bbox 770 883 947 967; x_wconf 81' lang='grc' dir='ltr'><strong><em>ἰσονομίαν</em></strong></span> <span class='ocrx_word' id='word_1_64' title='bbox 971 883 1116 969; x_wconf 90' lang='lat' dir='ltr'>appellat</span> 
     </span>
     <span class='ocr_line' id='line_1_9' title="bbox 97 970 1115 1058; baseline -0.001 -21"><span class='ocrx_word' id='word_1_65' title='bbox 97 971 273 1058; x_wconf 74' lang='lat' dir='ltr'>Epicurus,</span> <span class='ocrx_word' id='word_1_66' title='bbox 295 970 329 1036; x_wconf 91' lang='lat' dir='ltr'>id</span> <span class='ocrx_word' id='word_1_67' title='bbox 352 975 404 1036; x_wconf 91' lang='lat' dir='ltr'>est</span> <span class='ocrx_word' id='word_1_68' title='bbox 426 970 630 1057; x_wconf 76' lang='lat' dir='ltr'>aequabilem</span> <span class='ocrx_word' id='word_1_69' title='bbox 647 971 869 1037; x_wconf 75' lang='lat' dir='ltr'>tributionem.</span> <span class='ocrx_word' id='word_1_70' title='bbox 909 970 960 1038; x_wconf 85' lang='lat' dir='ltr'>Ex</span> <span class='ocrx_word' id='word_1_71' title='bbox 976 971 1039 1037; x_wconf 90' lang='lat' dir='ltr'>hac</span> <span class='ocrx_word' id='word_1_72' title='bbox 1056 971 1115 1058; x_wconf 82' lang='lat' dir='ltr'>igi·</span> 
     </span>
     <span class='ocr_line' id='line_1_10' title="bbox 98 1058 1116 1145; baseline -0.001 -20"><span class='ocrx_word' id='word_1_73' title='bbox 98 1064 155 1125; x_wconf 91' lang='lat' dir='ltr'>tur</span> <span class='ocrx_word' id='word_1_74' title='bbox 181 1060 265 1125; x_wconf 90' lang='lat' dir='ltr'>illud</span> <span class='ocrx_word' id='word_1_75' title='bbox 293 1058 445 1145; x_wconf 87' lang='lat' dir='ltr'>efficitur,</span> <span class='ocrx_word' id='word_1_76' title='bbox 476 1059 506 1125; x_wconf 93' lang='lat' dir='ltr'>si</span> <span class='ocrx_word' id='word_1_77' title='bbox 532 1059 721 1125; x_wconf 76' lang='lat' dir='ltr'>mortalium</span> <span class='ocrx_word' id='word_1_78' title='bbox 747 1064 844 1126; x_wconf 90' lang='lat' dir='ltr'>tanta</span> <span class='ocrx_word' id='word_1_79' title='bbox 864 1058 1040 1126; x_wconf 88' lang='lat' dir='ltr'>multitudo</span> <span class='ocrx_word' id='word_1_80' title='bbox 1063 1059 1116 1143; x_wconf 89' lang='lat' dir='ltr'>sit,</span> 
     </span>
     <span class='ocr_line' id='line_1_11' title="bbox 60 1147 1116 1234; baseline -0.001 -21"><span class='ocrx_word' id='word_1_81' title='bbox 60 1167 87 1206; x_wconf 83' lang='grc' dir='ltr'>ιο</span> <span class='ocrx_word' id='word_1_82' title='bbox 101 1169 173 1213; x_wconf 87' lang='lat' dir='ltr'>esse</span> <span class='ocrx_word' id='word_1_83' title='bbox 191 1149 419 1215; x_wconf 78' lang='lat' dir='ltr'>innortalium</span> <span class='ocrx_word' id='word_1_84' title='bbox 434 1169 502 1215; x_wconf 91' lang='lat' dir='ltr'>non</span> <span class='ocrx_word' id='word_1_85' title='bbox 520 1147 688 1233; x_wconf 86' lang='lat' dir='ltr'>minorem,</span> <span class='ocrx_word' id='word_1_86' title='bbox 706 1151 741 1214; x_wconf 86' lang='lat' dir='ltr'>et</span> <span class='ocrx_word' id='word_1_87' title='bbox 758 1149 797 1233; x_wconf 88' lang='lat' dir='ltr'>si,</span> <span class='ocrx_word' id='word_1_88' title='bbox 815 1170 898 1234; x_wconf 89' lang='lat' dir='ltr'>quae</span> <span class='ocrx_word' id='word_1_89' title='bbox 915 1148 1116 1232; x_wconf 80' lang='lat' dir='ltr'>interimant,</span> 
     </span>
     <span class='ocr_line' id='line_1_12' title="bbox 99 1236 1212 1322; baseline 0 -20"><span class='ocrx_word' id='word_1_90' title='bbox 99 1236 355 1303; x_wconf 87' lang='lat' dir='ltr'>innumerabilia</span> <span class='ocrx_word' id='word_1_91' title='bbox 377 1237 453 1322; x_wconf 90' lang='lat' dir='ltr'>sint,</span> <span class='ocrx_word' id='word_1_92' title='bbox 475 1236 576 1303; x_wconf 92' lang='lat' dir='ltr'>etiam</span> <span class='ocrx_word' id='word_1_93' title='bbox 593 1258 641 1322; x_wconf 89' lang='lat' dir='ltr'>ea,</span> <span class='ocrx_word' id='word_1_94' title='bbox 664 1258 747 1322; x_wconf 89' lang='lat' dir='ltr'>quae</span> <span class='ocrx_word' id='word_1_95' title='bbox 765 1241 966 1322; x_wconf 84' lang='lat' dir='ltr'>conservent,</span> <span class='ocrx_word' id='word_1_96' title='bbox 988 1237 1118 1303; x_wconf 85' lang='lat' dir='ltr'>infinita</span> <span class='ocrx_word' id='word_1_97' title='bbox 1209 1279 1212 1285; x_wconf 87' lang='lat'>·</span> 
     </span>
     <span class='ocr_line' id='line_1_13' title="bbox 99 1324 1117 1411; baseline -0.001 -20"><span class='ocrx_word' id='word_1_98' title='bbox 99 1346 175 1391; x_wconf 88' lang='lat' dir='ltr'>esse</span> <span class='ocrx_word' id='word_1_99' title='bbox 208 1325 334 1391; x_wconf 82' lang='lat' dir='ltr'>debere.</span> <span class='ocrx_word' id='word_1_100' title='bbox 387 1324 432 1392; x_wconf 85' lang='lat' dir='ltr'>Et</span> <span class='ocrx_word' id='word_1_101' title='bbox 464 1346 618 1411; x_wconf 86' lang='lat' dir='ltr'>quaerere</span> <span class='ocrx_word' id='word_1_102' title='bbox 649 1348 669 1391; x_wconf 94' lang='lat' dir='ltr'>a</span> <span class='ocrx_word' id='word_1_103' title='bbox 700 1326 808 1411; x_wconf 90' lang='lat' dir='ltr'>nobis,</span> <span class='ocrx_word' id='word_1_104' title='bbox 839 1324 957 1409; x_wconf 88' lang='lat' dir='ltr'>Balbe,</span> <span class='ocrx_word' id='word_1_105' title='bbox 994 1326 1117 1411; x_wconf 85' lang='lat' dir='ltr'>soletis,</span> 
     </span>
     <span class='ocr_line' id='line_1_14' title="bbox 100 1413 1116 1501; baseline 0.001 -23"><span class='ocrx_word' id='word_1_106' title='bbox 100 1435 186 1500; x_wconf 86' lang='lat' dir='ltr'>quae</span> <span class='ocrx_word' id='word_1_107' title='bbox 213 1413 284 1480; x_wconf 81' lang='lat' dir='ltr'>vita</span> <span class='ocrx_word' id='word_1_108' title='bbox 310 1413 444 1481; x_wconf 84' lang='lat' dir='ltr'>deorum</span> <span class='ocrx_word' id='word_1_109' title='bbox 473 1414 532 1498; x_wconf 91' lang='lat' dir='ltr'>sit,</span> <span class='ocrx_word' id='word_1_110' title='bbox 559 1435 705 1499; x_wconf 86' lang='lat' dir='ltr'>quaeque</span> <span class='ocrx_word' id='word_1_111' title='bbox 727 1414 769 1480; x_wconf 91' lang='lat' dir='ltr'>ab</span> <span class='ocrx_word' id='word_1_112' title='bbox 792 1415 833 1480; x_wconf 93' lang='lat' dir='ltr'>iis</span> <span class='ocrx_word' id='word_1_113' title='bbox 857 1414 995 1501; x_wconf 81' lang='lat' dir='ltr'>degatur</span> <span class='ocrx_word' id='word_1_114' title='bbox 1016 1418 1116 1480; x_wconf 85' lang='lat' dir='ltr'>aetas.</span> 
     </span>
     <span class='ocr_line' id='line_1_15' title="bbox 98 1501 1169 1587; baseline -0.001 -19"><span class='ocrx_word' id='word_1_115' title='bbox 98 1501 153 1568; x_wconf 76' lang='lat' dir='ltr'>na</span> <span class='ocrx_word' id='word_1_116' title='bbox 178 1502 344 1587; x_wconf 80' lang='lat' dir='ltr'>videlicet,</span> <span class='ocrx_word' id='word_1_117' title='bbox 375 1525 440 1587; x_wconf 92' lang='lat' dir='ltr'>qua</span> <span class='ocrx_word' id='word_1_118' title='bbox 466 1502 550 1568; x_wconf 91' lang='lat' dir='ltr'>nihil</span> <span class='ocrx_word' id='word_1_119' title='bbox 573 1503 715 1586; x_wconf 84' lang='lat' dir='ltr'>beatius,</span> <span class='ocrx_word' id='word_1_120' title='bbox 742 1503 825 1569; x_wconf 90' lang='lat' dir='ltr'>nihil</span> <span class='ocrx_word' id='word_1_121' title='bbox 848 1502 998 1569; x_wconf 85' lang='lat' dir='ltr'>omnibus</span> <span class='ocrx_word' id='word_1_122' title='bbox 1021 1502 1116 1568; x_wconf 91' lang='lat' dir='ltr'>bonis</span> <span class='ocrx_word' id='word_1_123' title='bbox 1136 1517 1169 1567; x_wconf 84' lang='lat'>51</span> 
     </span>
     <span class='ocr_line' id='line_1_16' title="bbox 56 1589 1117 1679; baseline -0.002 -22"><span class='ocrx_word' id='word_1_124' title='bbox 56 1610 83 1650; x_wconf 75' lang='lat' dir='ltr'>u</span> <span class='ocrx_word' id='word_1_125' title='bbox 98 1590 291 1658; x_wconf 81' lang='lat' dir='ltr'>affluentius</span> <span class='ocrx_word' id='word_1_126' title='bbox 320 1591 461 1679; x_wconf 79' lang='lat' dir='ltr'>cogitari</span> <span class='ocrx_word' id='word_1_127' title='bbox 492 1595 611 1677; x_wconf 87' lang='lat' dir='ltr'>potest</span> <span class='ocrx_word' id='word_1_128' title='bbox 661 1589 754 1656; x_wconf 92' lang='lat' dir='ltr'>Nihil</span> <span class='ocrx_word' id='word_1_129' title='bbox 785 1591 872 1656; x_wconf 89' lang='lat' dir='ltr'>enim</span> <span class='ocrx_word' id='word_1_130' title='bbox 904 1592 986 1677; x_wconf 83' lang='lat' dir='ltr'>agit,</span> <span class='ocrx_word' id='word_1_131' title='bbox 1017 1591 1117 1656; x_wconf 90' lang='lat' dir='ltr'>nullis</span> 
     </span>
     <span class='ocr_line' id='line_1_17' title="bbox 100 1679 1118 1766; baseline -0.001 -20"><span class='ocrx_word' id='word_1_132' title='bbox 100 1679 375 1765; x_wconf 84' lang='lat' dir='ltr'>occupationibus</span> <span class='ocrx_word' id='word_1_133' title='bbox 410 1683 463 1746; x_wconf 89' lang='lat' dir='ltr'>est</span> <span class='ocrx_word' id='word_1_134' title='bbox 493 1680 683 1766; x_wconf 87' lang='lat' dir='ltr'>inplicatus,</span> <span class='ocrx_word' id='word_1_135' title='bbox 719 1680 811 1745; x_wconf 89' lang='lat' dir='ltr'>nulla</span> <span class='ocrx_word' id='word_1_136' title='bbox 842 1700 943 1764; x_wconf 89' lang='lat' dir='ltr'>opera</span> <span class='ocrx_word' id='word_1_137' title='bbox 973 1680 1118 1764; x_wconf 88' lang='lat' dir='ltr'>molitur,</span> 
     </span>
     <span class='ocr_line' id='line_1_18' title="bbox 100 1767 1117 1855; baseline 0 -21"><span class='ocrx_word' id='word_1_138' title='bbox 100 1791 164 1834; x_wconf 84' lang='lat' dir='ltr'>aua</span> <span class='ocrx_word' id='word_1_139' title='bbox 182 1768 346 1854; x_wconf 81' lang='lat' dir='ltr'>sapientia</span> <span class='ocrx_word' id='word_1_140' title='bbox 363 1771 398 1835; x_wconf 88' lang='lat' dir='ltr'>et</span> <span class='ocrx_word' id='word_1_141' title='bbox 414 1769 537 1834; x_wconf 85' lang='lat' dir='ltr'>virtute</span> <span class='ocrx_word' id='word_1_142' title='bbox 556 1768 685 1855; x_wconf 83' lang='lat' dir='ltr'>gaudet,</span> <span class='ocrx_word' id='word_1_143' title='bbox 705 1767 807 1833; x_wconf 89' lang='lat' dir='ltr'>habet</span> <span class='ocrx_word' id='word_1_144' title='bbox 825 1767 1029 1853; x_wconf 83' lang='lat' dir='ltr'>exploratum</span> <span class='ocrx_word' id='word_1_145' title='bbox 1046 1769 1117 1834; x_wconf 86' lang='lat' dir='ltr'>fore</span> 
     </span>
    </p>
   </div>
   <div class='ocr_carea' id='block_1_3' title="bbox 56 1856 1254 3626">
    <p class='ocr_par' dir='ltr' id='par_1_3' title="bbox 56 1856 1254 3626">
     <span class='ocr_line' id='line_1_19' title="bbox 99 1856 1117 1943; baseline 0 -21"><span class='ocrx_word' id='word_1_146' title='bbox 99 1879 139 1923; x_wconf 88' lang='lat' dir='ltr'>se</span> <span class='ocrx_word' id='word_1_147' title='bbox 162 1878 232 1922; x_wconf 89' lang='lat' dir='ltr'>sem</span> <span class='ocrx_word' id='word_1_148' title='bbox 412 1857 419 1871; x_wconf 75' lang='lat'>⁸</span> <span class='ocrx_word' id='word_1_149' title='bbox 467 1857 632 1941; x_wconf 87' lang='lat' dir='ltr'>maxnnis,</span> <span class='ocrx_word' id='word_1_150' title='bbox 654 1860 726 1921; x_wconf 91' lang='lat' dir='ltr'>tum</span> <span class='ocrx_word' id='word_1_151' title='bbox 748 1878 784 1921; x_wconf 77' lang='lat' dir='ltr'>in</span> <span class='ocrx_word' id='word_1_152' title='bbox 806 1859 860 1931; x_wconf 85' lang='lat' dir='ltr'>aet</span> <span class='ocrx_word' id='word_1_153' title='bbox 878 1856 1117 1943; x_wconf 47' lang='lat' dir='ltr'>mappu-</span> 
     </span>
     <span class='ocr_line' id='line_1_20' title="bbox 98 1878 1254 2046; baseline -0.001 -35"><span class='ocrx_word' id='word_1_154' title='bbox 98 1945 203 2012; x_wconf 79' lang='lat' dir='ltr'>trbus.</span> <span class='ocrx_word' id='word_1_155' title='bbox 248 1944 344 2012; x_wconf 91' lang='lat' dir='ltr'>Hunc</span> <span class='ocrx_word' id='word_1_156' title='bbox 398 1968 471 2012; x_wconf 91' lang='lat' dir='ltr'>eum</span> <span class='ocrx_word' id='word_1_157' title='bbox 494 1944 530 2011; x_wconf 54' lang='lat' dir='ltr'>&#39;rr</span> <span class='ocrx_word' id='word_1_158' title='bbox 546 1878 941 2029; x_wconf 56' lang='lat' dir='ltr'>e&#39;bottum‘ffla,</span> <span class='ocrx_word' id='word_1_159' title='bbox 972 1919 1171 2046; x_wconf 51' lang='lat' dir='ltr'>vestrufflbg</span> <span class='ocrx_word' id='word_1_160' title='bbox 1185 1914 1225 2043; x_wconf 54' lang='lat' dir='ltr'>l}</span> <span class='ocrx_word' id='word_1_161' title='bbox 1240 2004 1254 2043; x_wconf 31' lang='grc' dir='ltr'><em>ᾖ</em></span> 
     </span>
     <span class='ocr_line' id='line_1_21' title="bbox 56 2012 1246 2129; baseline 0.003 -35"><span class='ocrx_word' id='word_1_162' title='bbox 56 2054 85 2094; x_wconf 80' lang='lat' dir='ltr'>ao</span> <span class='ocrx_word' id='word_1_163' title='bbox 99 2055 182 2100; x_wconf 84' lang='lat' dir='ltr'>vero</span> <span class='ocrx_word' id='word_1_164' title='bbox 200 2033 502 2101; x_wconf 89' lang='lat' dir='ltr'>laboriosissimum.</span> <span class='ocrx_word' id='word_1_165' title='bbox 534 2031 610 2099; x_wconf 82' lang='lat' dir='ltr'>Sive</span> <span class='ocrx_word' id='word_1_166' title='bbox 628 2034 715 2099; x_wconf 92' lang='lat' dir='ltr'>enim</span> <span class='ocrx_word' id='word_1_167' title='bbox 728 2034 799 2120; x_wconf 90' lang='lat' dir='ltr'>ipse</span> <span class='ocrx_word' id='word_1_168' title='bbox 814 2033 953 2099; x_wconf 89' lang='lat' dir='ltr'>mundus</span> <span class='ocrx_word' id='word_1_169' title='bbox 968 2035 1046 2100; x_wconf 89' lang='lat' dir='ltr'>deus</span> <span class='ocrx_word' id='word_1_170' title='bbox 1059 2038 1129 2120; x_wconf 69' lang='lat' dir='ltr'>est,²·¹</span> <span class='ocrx_word' id='word_1_171' title='bbox 1183 2012 1246 2129; x_wconf 30' lang='lat' dir='ltr'>lq]</span> 
     </span>
     <span class='ocr_line' id='line_1_22' title="bbox 101 2122 1254 2277; baseline 0 -89"><span class='ocrx_word' id='word_1_172' title='bbox 101 2122 184 2209; x_wconf 92' lang='lat' dir='ltr'>quid</span> <span class='ocrx_word' id='word_1_173' title='bbox 211 2126 422 2209; x_wconf 81' lang='lat' dir='ltr'>potestesse</span> <span class='ocrx_word' id='word_1_174' title='bbox 448 2122 556 2188; x_wconf 91' lang='lat' dir='ltr'>minus</span> <span class='ocrx_word' id='word_1_175' title='bbox 584 2123 731 2206; x_wconf 89' lang='lat' dir='ltr'>quietum</span> <span class='ocrx_word' id='word_1_176' title='bbox 758 2144 857 2207; x_wconf 89' lang='lat' dir='ltr'>quam</span> <span class='ocrx_word' id='word_1_177' title='bbox 881 2123 974 2189; x_wconf 92' lang='lat' dir='ltr'>nullo</span> <span class='ocrx_word' id='word_1_178' title='bbox 996 2128 1131 2277; x_wconf 51' lang='lat' dir='ltr'>planetol</span> <span class='ocrx_word' id='word_1_179' title='bbox 1176 2144 1212 2201; x_wconf 64' lang='lat' dir='ltr'>pc</span> <span class='ocrx_word' id='word_1_180' title='bbox 1248 2134 1254 2141; x_wconf 85' lang='lat'><strong>‘</strong></span> 
     </span>
     <span class='ocr_line' id='line_1_23' title="bbox 99 2210 1184 2297; baseline 0 -19"><span class='ocrx_word' id='word_1_181' title='bbox 99 2212 263 2297; x_wconf 89' lang='lat' dir='ltr'>temporis</span> <span class='ocrx_word' id='word_1_182' title='bbox 295 2211 481 2278; x_wconf 86' lang='lat' dir='ltr'>intermisso</span> <span class='ocrx_word' id='word_1_183' title='bbox 517 2210 642 2275; x_wconf 84' lang='lat' dir='ltr'>versari</span> <span class='ocrx_word' id='word_1_184' title='bbox 671 2211 793 2277; x_wconf 70' lang='lat' dir='ltr'>aucum</span> <span class='ocrx_word' id='word_1_185' title='bbox 821 2232 916 2276; x_wconf 85' lang='lat' dir='ltr'>axem</span> <span class='ocrx_word' id='word_1_186' title='bbox 945 2212 1025 2278; x_wconf 88' lang='lat' dir='ltr'>cae&#39;</span> <span class='ocrx_word' id='word_1_187' title='bbox 1064 2212 1118 2278; x_wconf 89' lang='lat' dir='ltr'>ad·</span> <span class='ocrx_word' id='word_1_188' title='bbox 1174 2214 1184 2245; x_wconf 69' lang='lat'>²¹</span> 
     </span>
     <span class='ocr_line' id='line_1_24' title="bbox 100 2298 1126 2384; baseline -0.001 -18"><span class='ocrx_word' id='word_1_189' title='bbox 100 2299 251 2367; x_wconf 87' lang='lat' dir='ltr'>mirabili</span> <span class='ocrx_word' id='word_1_190' title='bbox 273 2299 462 2365; x_wconf 83' lang='lat' dir='ltr'>celeritate?</span> <span class='ocrx_word' id='word_1_191' title='bbox 491 2298 555 2364; x_wconf 89' lang='lat' dir='ltr'>nisi</span> <span class='ocrx_word' id='word_1_192' title='bbox 578 2300 725 2384; x_wconf 88' lang='lat' dir='ltr'>quietum</span> <span class='ocrx_word' id='word_1_193' title='bbox 748 2302 859 2366; x_wconf 88' lang='lat' dir='ltr'>autem</span> <span class='ocrx_word' id='word_1_194' title='bbox 880 2299 963 2364; x_wconf 91' lang='lat' dir='ltr'>nihil</span> <span class='ocrx_word' id='word_1_195' title='bbox 986 2300 1126 2365; x_wconf 86' lang='lat' dir='ltr'>beatum</span> 
     </span>
     <span class='ocr_line' id='line_1_25' title="bbox 101 2387 1118 2475; baseline -0.002 -20"><span class='ocrx_word' id='word_1_196' title='bbox 101 2393 170 2473; x_wconf 83' lang='lat' dir='ltr'>est3</span> <span class='ocrx_word' id='word_1_197' title='bbox 194 2387 263 2453; x_wconf 81' lang='lat' dir='ltr'>sive</span> <span class='ocrx_word' id='word_1_198' title='bbox 284 2387 414 2473; x_wconf 85' lang='lat' dir='ltr'>inipso</span> <span class='ocrx_word' id='word_1_199' title='bbox 437 2387 557 2453; x_wconf 90' lang='lat' dir='ltr'>mundo</span> <span class='ocrx_word' id='word_1_200' title='bbox 580 2389 658 2453; x_wconf 89' lang='lat' dir='ltr'>deus</span> <span class='ocrx_word' id='word_1_201' title='bbox 680 2388 768 2453; x_wconf 87' lang='lat' dir='ltr'>inest</span> <span class='ocrx_word' id='word_1_202' title='bbox 790 2388 918 2472; x_wconf 88' lang='lat' dir='ltr'>aliquis,</span> <span class='ocrx_word' id='word_1_203' title='bbox 942 2388 998 2473; x_wconf 90' lang='lat' dir='ltr'>qui</span> <span class='ocrx_word' id='word_1_204' title='bbox 1015 2393 1118 2475; x_wconf 83' lang='lat' dir='ltr'>regat,</span> 
     </span>
     <span class='ocr_line' id='line_1_26' title="bbox 58 2476 1119 2563; baseline 0.005 -27"><span class='ocrx_word' id='word_1_205' title='bbox 58 2494 86 2536; x_wconf 75' lang='lat' dir='ltr'>aa</span> <span class='ocrx_word' id='word_1_206' title='bbox 101 2477 163 2563; x_wconf 90' lang='lat' dir='ltr'>qui</span> <span class='ocrx_word' id='word_1_207' title='bbox 191 2476 363 2563; x_wconf 76' lang='lat' dir='ltr'>gubernet,</span> <span class='ocrx_word' id='word_1_208' title='bbox 390 2476 447 2561; x_wconf 89' lang='lat' dir='ltr'>qui</span> <span class='ocrx_word' id='word_1_209' title='bbox 473 2497 587 2542; x_wconf 87' lang='lat' dir='ltr'>cursus</span> <span class='ocrx_word' id='word_1_210' title='bbox 613 2480 791 2560; x_wconf 82' lang='lat' dir='ltr'>astrorum,</span> <span class='ocrx_word' id='word_1_211' title='bbox 819 2477 1018 2543; x_wconf 86' lang='lat' dir='ltr'>mutationes</span> <span class='ocrx_word' id='word_1_212' title='bbox 1040 2481 1119 2542; x_wconf 90' lang='lat' dir='ltr'>tem·</span> 
     </span>
     <span class='ocr_line' id='line_1_27' title="bbox 101 2563 1120 2652; baseline -0.001 -21"><span class='ocrx_word' id='word_1_213' title='bbox 101 2586 234 2652; x_wconf 85' lang='lat' dir='ltr'>porum,</span> <span class='ocrx_word' id='word_1_214' title='bbox 255 2586 365 2630; x_wconf 89' lang='lat' dir='ltr'>rerum</span> <span class='ocrx_word' id='word_1_215' title='bbox 387 2563 625 2631; x_wconf 75' lang='lat' dir='ltr'>vicissitudines</span> <span class='ocrx_word' id='word_1_216' title='bbox 644 2563 837 2650; x_wconf 85' lang='lat' dir='ltr'>ordinesque</span> <span class='ocrx_word' id='word_1_217' title='bbox 855 2569 1033 2649; x_wconf 86' lang='lat' dir='ltr'>conservet,</span> <span class='ocrx_word' id='word_1_218' title='bbox 1055 2569 1120 2630; x_wconf 93' lang='lat' dir='ltr'>ter·</span> 
     </span>
     <span class='ocr_line' id='line_1_28' title="bbox 101 2653 1121 2739; baseline 0 -20"><span class='ocrx_word' id='word_1_219' title='bbox 101 2675 159 2719; x_wconf 85' lang='lat' dir='ltr'>ras</span> <span class='ocrx_word' id='word_1_220' title='bbox 187 2657 221 2720; x_wconf 91' lang='lat' dir='ltr'>et</span> <span class='ocrx_word' id='word_1_221' title='bbox 248 2653 355 2718; x_wconf 90' lang='lat' dir='ltr'>maria</span> <span class='ocrx_word' id='word_1_222' title='bbox 382 2655 605 2739; x_wconf 86' lang='lat' dir='ltr'>contemplans</span> <span class='ocrx_word' id='word_1_223' title='bbox 632 2653 801 2718; x_wconf 91' lang='lat' dir='ltr'>hominum</span> <span class='ocrx_word' id='word_1_224' title='bbox 829 2654 999 2720; x_wconf 90' lang='lat' dir='ltr'>commoda</span> <span class='ocrx_word' id='word_1_225' title='bbox 1021 2654 1121 2719; x_wconf 82' lang='lat' dir='ltr'>vitas·</span> 
     </span>
     <span class='ocr_line' id='line_1_29' title="bbox 102 2740 1127 2828; baseline -0.001 -20"><span class='ocrx_word' id='word_1_226' title='bbox 102 2764 168 2828; x_wconf 87' lang='lat' dir='ltr'>que</span> <span class='ocrx_word' id='word_1_227' title='bbox 198 2745 344 2826; x_wconf 87' lang='lat' dir='ltr'>tueatur,</span> <span class='ocrx_word' id='word_1_228' title='bbox 373 2741 581 2825; x_wconf 17' lang='lat' dir='ltr'>naqilluqaeest</span> <span class='ocrx_word' id='word_1_229' title='bbox 606 2740 783 2826; x_wconf 78' lang='lat' dir='ltr'>inplicatus</span> <span class='ocrx_word' id='word_1_230' title='bbox 806 2742 954 2809; x_wconf 86' lang='lat' dir='ltr'>molestis</span> <span class='ocrx_word' id='word_1_231' title='bbox 976 2742 1127 2828; x_wconf 67' lang='lat' dir='ltr'>negotiis*</span> 
     </span>
     <span class='ocr_line' id='line_1_30' title="bbox 102 2828 1168 2915; baseline -0.002 -19"><span class='ocrx_word' id='word_1_232' title='bbox 102 2834 139 2896; x_wconf 89' lang='lat' dir='ltr'>et</span> <span class='ocrx_word' id='word_1_233' title='bbox 166 2830 327 2915; x_wconf 87' lang='lat' dir='ltr'>operosis!</span> <span class='ocrx_word' id='word_1_234' title='bbox 371 2828 443 2896; x_wconf 89' lang='lat' dir='ltr'>Nos</span> <span class='ocrx_word' id='word_1_235' title='bbox 471 2833 581 2896; x_wconf 87' lang='lat' dir='ltr'>autom</span> <span class='ocrx_word' id='word_1_236' title='bbox 607 2830 739 2896; x_wconf 87' lang='lat' dir='ltr'>beatam</span> <span class='ocrx_word' id='word_1_237' title='bbox 761 2830 865 2898; x_wconf 83' lang='lat' dir='ltr'>vitam</span> <span class='ocrx_word' id='word_1_238' title='bbox 887 2831 923 2896; x_wconf 90' lang='lat' dir='ltr'>in</span> <span class='ocrx_word' id='word_1_239' title='bbox 945 2831 1047 2896; x_wconf 91' lang='lat' dir='ltr'>animi</span> <span class='ocrx_word' id='word_1_240' title='bbox 1069 2843 1168 2897; x_wconf 71' lang='lat' dir='ltr'>seba</span> 
     </span>
     <span class='ocr_line' id='line_1_31' title="bbox 60 2908 1129 3025; baseline 0.007 -47"><span class='ocrx_word' id='word_1_241' title='bbox 60 2918 246 2985; x_wconf 80' lang='lat' dir='ltr'>securitate</span> <span class='ocrx_word' id='word_1_242' title='bbox 273 2919 368 2984; x_wconf 90' lang='lat' dir='ltr'>etin</span> <span class='ocrx_word' id='word_1_243' title='bbox 396 2918 542 2985; x_wconf 92' lang='lat' dir='ltr'>omnium</span> <span class='ocrx_word' id='word_1_244' title='bbox 568 2918 738 2986; x_wconf 86' lang='lat' dir='ltr'>vacatione</span> <span class='ocrx_word' id='word_1_245' title='bbox 765 2908 1129 3025; x_wconf 70' lang='lat' dir='ltr'>munerumponimqa</span> 
     </span>
     <span class='ocr_line' id='line_1_32' title="bbox 102 3006 1120 3093; baseline 0.001 -20"><span class='ocrx_word' id='word_1_246' title='bbox 102 3006 227 3073; x_wconf 88' lang='lat' dir='ltr'>Docuit</span> <span class='ocrx_word' id='word_1_247' title='bbox 259 3008 346 3073; x_wconf 91' lang='lat' dir='ltr'>enim</span> <span class='ocrx_word' id='word_1_248' title='bbox 376 3029 437 3074; x_wconf 87' lang='lat' dir='ltr'>nos</span> <span class='ocrx_word' id='word_1_249' title='bbox 464 3007 564 3091; x_wconf 85' lang='lat' dir='ltr'>idem,</span> <span class='ocrx_word' id='word_1_250' title='bbox 596 3006 653 3091; x_wconf 87' lang='lat' dir='ltr'>qui</span> <span class='ocrx_word' id='word_1_251' title='bbox 674 3012 795 3093; x_wconf 88' lang='lat' dir='ltr'>catera,</span> <span class='ocrx_word' id='word_1_252' title='bbox 821 3010 941 3073; x_wconf 87' lang='lat' dir='ltr'>natura</span> <span class='ocrx_word' id='word_1_253' title='bbox 970 3008 1120 3074; x_wconf 86' lang='lat' dir='ltr'>effectum</span> 
     </span>
     <span class='ocr_line' id='line_1_33' title="bbox 104 3094 1119 3182; baseline 0.003 -21"><span class='ocrx_word' id='word_1_254' title='bbox 104 3117 178 3162; x_wconf 85' lang='lat' dir='ltr'>esse</span> <span class='ocrx_word' id='word_1_255' title='bbox 200 3094 371 3179; x_wconf 88' lang='lat' dir='ltr'>mundum,</span> <span class='ocrx_word' id='word_1_256' title='bbox 399 3095 483 3162; x_wconf 86' lang='lat' dir='ltr'>nibil</span> <span class='ocrx_word' id='word_1_257' title='bbox 507 3117 588 3181; x_wconf 90' lang='lat' dir='ltr'>opus</span> <span class='ocrx_word' id='word_1_258' title='bbox 610 3095 711 3162; x_wconf 85' lang='lat' dir='ltr'>fuisse</span> <span class='ocrx_word' id='word_1_259' title='bbox 733 3096 869 3178; x_wconf 83' lang='lat' dir='ltr'>fabrica,</span> <span class='ocrx_word' id='word_1_260' title='bbox 890 3100 1024 3182; x_wconf 88' lang='lat' dir='ltr'>tamque</span> <span class='ocrx_word' id='word_1_261' title='bbox 1047 3119 1119 3164; x_wconf 88' lang='lat' dir='ltr'>eam</span> 
     </span>
     <span class='ocr_line' id='line_1_34' title="bbox 103 3183 1121 3272; baseline 0.002 -22"><span class='ocrx_word' id='word_1_262' title='bbox 103 3206 175 3250; x_wconf 90' lang='lat' dir='ltr'>rem</span> <span class='ocrx_word' id='word_1_263' title='bbox 199 3205 271 3250; x_wconf 83' lang='lat' dir='ltr'>esse</span> <span class='ocrx_word' id='word_1_264' title='bbox 292 3183 432 3270; x_wconf 77' lang='lat' dir='ltr'>facilem,</span> <span class='ocrx_word' id='word_1_265' title='bbox 455 3205 555 3270; x_wconf 89' lang='lat' dir='ltr'>quam</span> <span class='ocrx_word' id='word_1_266' title='bbox 576 3205 635 3249; x_wconf 85' lang='lat' dir='ltr'>vos</span> <span class='ocrx_word' id='word_1_267' title='bbox 658 3183 744 3250; x_wconf 77' lang='lat' dir='ltr'>effici</span> <span class='ocrx_word' id='word_1_268' title='bbox 765 3185 894 3272; x_wconf 82' lang='lat' dir='ltr'>negatis</span> <span class='ocrx_word' id='word_1_269' title='bbox 919 3186 988 3250; x_wconf 89' lang='lat' dir='ltr'>sine</span> <span class='ocrx_word' id='word_1_270' title='bbox 1010 3185 1121 3252; x_wconf 82' lang='lat' dir='ltr'>divina</span> 
     </span>
     <span class='ocr_line' id='line_1_35' title="bbox 103 3272 1120 3360; baseline -0.001 -21"><span class='ocrx_word' id='word_1_271' title='bbox 103 3294 205 3360; x_wconf 88' lang='lat' dir='ltr'>posse</span> <span class='ocrx_word' id='word_1_272' title='bbox 233 3273 395 3357; x_wconf 88' lang='lat' dir='ltr'>sollertia,</span> <span class='ocrx_word' id='word_1_273' title='bbox 424 3276 462 3337; x_wconf 91' lang='lat' dir='ltr'>ut</span> <span class='ocrx_word' id='word_1_274' title='bbox 487 3272 736 3339; x_wconf 88' lang='lat' dir='ltr'>innumerabilis</span> <span class='ocrx_word' id='word_1_275' title='bbox 763 3278 882 3339; x_wconf 88' lang='lat' dir='ltr'>natura</span> <span class='ocrx_word' id='word_1_276' title='bbox 909 3273 1046 3339; x_wconf 90' lang='lat' dir='ltr'>mundos</span> <span class='ocrx_word' id='word_1_277' title='bbox 1078 3274 1120 3338; x_wconf 85' lang='lat' dir='ltr'>ef·</span> 
     </span>
     <span class='ocr_line' id='line_1_36' title="bbox 67 3360 1121 3446; baseline -0.002 -19"><span class='ocrx_word' id='word_1_278' title='bbox 67 3361 235 3429; x_wconf 55' lang='lat' dir='ltr'>&amp;lectura</span> <span class='ocrx_word' id='word_1_279' title='bbox 267 3361 324 3444; x_wconf 84' lang='lat' dir='ltr'>sit,</span> <span class='ocrx_word' id='word_1_280' title='bbox 355 3360 490 3445; x_wconf 86' lang='lat' dir='ltr'>efficiat,</span> <span class='ocrx_word' id='word_1_281' title='bbox 523 3361 673 3428; x_wconf 87' lang='lat' dir='ltr'>effecerit.</span> <span class='ocrx_word' id='word_1_282' title='bbox 727 3360 820 3438; x_wconf 83' lang='lat' dir='ltr'>Quod</span> <span class='ocrx_word' id='word_1_283' title='bbox 852 3362 928 3445; x_wconf 89' lang='lat' dir='ltr'>quia</span> <span class='ocrx_word' id='word_1_284' title='bbox 955 3382 1051 3446; x_wconf 90' lang='lat' dir='ltr'>quem</span> <span class='ocrx_word' id='word_1_285' title='bbox 1080 3361 1121 3426; x_wconf 90' lang='lat' dir='ltr'>ad</span> 
     </span>
     <span class='ocr_line' id='line_1_37' title="bbox 105 3448 1122 3535; baseline -0.006 -18"><span class='ocrx_word' id='word_1_286' title='bbox 105 3449 241 3517; x_wconf 88' lang='lat' dir='ltr'>modum</span> <span class='ocrx_word' id='word_1_287' title='bbox 267 3453 388 3516; x_wconf 89' lang='lat' dir='ltr'>natura</span> <span class='ocrx_word' id='word_1_288' title='bbox 415 3448 543 3517; x_wconf 81' lang='lat' dir='ltr'>efficere</span> <span class='ocrx_word' id='word_1_289' title='bbox 571 3450 641 3516; x_wconf 87' lang='lat' dir='ltr'>sine</span> <span class='ocrx_word' id='word_1_290' title='bbox 664 3450 775 3533; x_wconf 90' lang='lat' dir='ltr'>aliqua</span> <span class='ocrx_word' id='word_1_291' title='bbox 797 3454 905 3516; x_wconf 91' lang='lat' dir='ltr'>mente</span> <span class='ocrx_word' id='word_1_292' title='bbox 927 3448 1034 3535; x_wconf 88' lang='lat' dir='ltr'>possit</span> <span class='ocrx_word' id='word_1_293' title='bbox 1055 3469 1122 3513; x_wconf 91' lang='lat' dir='ltr'>non</span> 
     </span>
     <span class='ocr_line' id='line_1_38' title="bbox 104 3536 1121 3626; baseline -0.007 -22"><span class='ocrx_word' id='word_1_294' title='bbox 104 3539 241 3621; x_wconf 77' lang='lat' dir='ltr'>ridetis,</span> <span class='ocrx_word' id='word_1_295' title='bbox 272 3542 311 3604; x_wconf 91' lang='lat' dir='ltr'>ut</span> <span class='ocrx_word' id='word_1_296' title='bbox 340 3538 461 3626; x_wconf 80' lang='lat' dir='ltr'>tragici</span> <span class='ocrx_word' id='word_1_297' title='bbox 494 3544 626 3625; x_wconf 83' lang='lat' dir='ltr'>po’e&#39;tae,</span> <span class='ocrx_word' id='word_1_298' title='bbox 653 3560 726 3604; x_wconf 86' lang='lat' dir='ltr'>cum</span> <span class='ocrx_word' id='word_1_299' title='bbox 750 3539 912 3624; x_wconf 84' lang='lat' dir='ltr'>explicare</span> <span class='ocrx_word' id='word_1_300' title='bbox 935 3536 1121 3619; x_wconf 79' lang='lat' dir='ltr'>argumenti</span> 
     </span>
    </p>
   </div>
   <div class='ocr_carea' id='block_1_4' title="bbox 0 0 1340 3904">
    <p class='ocr_par' dir='ltr' id='par_1_4' title="bbox 0 0 1340 3904">
     <span class='ocr_line' id='line_1_39' title="bbox 0 0 1340 3904; baseline 0 0"><span class='ocrx_word' id='word_1_301' title='bbox 0 0 1340 3904; x_wconf 95' lang='lat' dir='ltr'> </span> 
     </span>
    </p>
   </div>
  </div>
 </body>
</html>
