<?xml version="1.0" encoding="UTF-8"?>
<!DOCTYPE html PUBLIC "-//W3C//DTD XHTML 1.0 Transitional//EN"
    "http://www.w3.org/TR/xhtml1/DTD/xhtml1-transitional.dtd">
<html xmlns="http://www.w3.org/1999/xhtml" xml:lang="en" lang="en">
 <head>
  <title>
</title>
<meta http-equiv="Content-Type" content="text/html;charset=utf-8" />
  <meta name='ocr-system' content='tesseract 3.04.00' />
  <meta name='ocr-capabilities' content='ocr_page ocr_carea ocr_par ocr_line ocrx_word'/>
</head>
<body>
  <div class='ocr_page' id='page_1' title='image "./mtulliiciceroni00salegoog_0156.png"; bbox 0 0 2652 3908; ppageno 0'>
   <div class='ocr_carea' id='block_1_1' title="bbox 385 186 1167 254">
    <p class='ocr_par' dir='ltr' id='par_1_1' title="bbox 385 186 1167 254">
     <span class='ocr_line' id='line_1_1' title="bbox 385 186 1167 254; baseline 0.014 -13"><span class='ocrx_word' id='word_1_1' title='bbox 385 187 453 243; x_wconf 75' lang='lat' dir='ltr'>uls.</span> <span class='ocrx_word' id='word_1_2' title='bbox 473 188 508 241; x_wconf 88' lang='lat'>11.</span> <span class='ocrx_word' id='word_1_3' title='bbox 527 186 603 244; x_wconf 78' lang='lat' dir='ltr'>cAP.</span> <span class='ocrx_word' id='word_1_4' title='bbox 623 194 736 244; x_wconf 75' lang='lat' dir='ltr'>sr-sa.</span> <span class='ocrx_word' id='word_1_5' title='bbox 755 190 771 254; x_wconf 70' lang='lat'>5</span> <span class='ocrx_word' id='word_1_6' title='bbox 791 193 938 244; x_wconf 75' lang='lat' dir='ltr'>res-159.</span> <span class='ocrx_word' id='word_1_7' title='bbox 1096 188 1167 252; x_wconf 57' lang='lat'>&#39;103</span> 
     </span>
    </p>
   </div>
   <div class='ocr_carea' id='block_1_2' title="bbox 11 331 1224 3609">
    <p class='ocr_par' dir='ltr' id='par_1_2' title="bbox 11 331 1224 3609">
     <span class='ocr_line' id='line_1_2' title="bbox 156 331 1170 418; baseline -0.001 -20"><span class='ocrx_word' id='word_1_8' title='bbox 156 333 406 418; x_wconf 70' lang='lat' dir='ltr'><strong>laetissumique</strong></span> <span class='ocrx_word' id='word_1_9' title='bbox 434 331 560 398; x_wconf 89' lang='lat' dir='ltr'>fructus</span> <span class='ocrx_word' id='word_1_10' title='bbox 583 333 672 401; x_wconf 75' lang='lat' dir='ltr'>¹nihil</span> <span class='ocrx_word' id='word_1_11' title='bbox 700 332 831 400; x_wconf 89' lang='lat' dir='ltr'>omnino</span> <span class='ocrx_word' id='word_1_12' title='bbox 857 332 900 398; x_wconf 89' lang='lat' dir='ltr'>ad</span> <span class='ocrx_word' id='word_1_13' title='bbox 926 332 1051 398; x_wconf 80' lang='lat' dir='ltr'>bestias</span> <span class='ocrx_word' id='word_1_14' title='bbox 1072 332 1170 418; x_wconf 86' lang='lat' dir='ltr'>perti·</span> 
     </span>
     <span class='ocr_line' id='line_1_3' title="bbox 156 419 1170 508; baseline -0.001 -21"><span class='ocrx_word' id='word_1_15' title='bbox 156 425 246 487; x_wconf 88' lang='lat' dir='ltr'>nent.</span> <span class='ocrx_word' id='word_1_16' title='bbox 296 419 410 506; x_wconf 82' lang='lat' dir='ltr'>Neque</span> <span class='ocrx_word' id='word_1_17' title='bbox 442 422 528 486; x_wconf 92' lang='lat' dir='ltr'>enim</span> <span class='ocrx_word' id='word_1_18' title='bbox 561 421 687 487; x_wconf 87' lang='lat' dir='ltr'>serendi</span> <span class='ocrx_word' id='word_1_19' title='bbox 717 443 821 508; x_wconf 90' lang='lat' dir='ltr'>neque</span> <span class='ocrx_word' id='word_1_20' title='bbox 853 421 980 487; x_wconf 90' lang='lat' dir='ltr'>colendi</span> <span class='ocrx_word' id='word_1_21' title='bbox 1005 443 1064 487; x_wconf 89' lang='lat' dir='ltr'>nec</span> <span class='ocrx_word' id='word_1_22' title='bbox 1090 424 1170 486; x_wconf 87' lang='lat' dir='ltr'>tem·</span> 
     </span>
     <span class='ocr_line' id='line_1_4' title="bbox 156 509 1170 596; baseline -0.002 -20"><span class='ocrx_word' id='word_1_23' title='bbox 156 510 287 596; x_wconf 85' lang='lat' dir='ltr'>pestive</span> <span class='ocrx_word' id='word_1_24' title='bbox 317 509 500 575; x_wconf 90' lang='lat' dir='ltr'>demetendi</span> <span class='ocrx_word' id='word_1_25' title='bbox 529 509 789 596; x_wconf 79' lang='lat' dir='ltr'>percipiendique</span> <span class='ocrx_word' id='word_1_26' title='bbox 815 509 941 575; x_wconf 84' lang='lat' dir='ltr'>fructus</span> <span class='ocrx_word' id='word_1_27' title='bbox 967 531 1071 595; x_wconf 89' lang='lat' dir='ltr'>neque</span> <span class='ocrx_word' id='word_1_28' title='bbox 1098 531 1170 576; x_wconf 89' lang='lat' dir='ltr'>con·</span> 
     </span>
     <span class='ocr_line' id='line_1_5' title="bbox 159 598 1222 715; baseline -0.001 -51"><span class='ocrx_word' id='word_1_29' title='bbox 159 598 257 664; x_wconf 86' lang='lat' dir='ltr'>dendi</span> <span class='ocrx_word' id='word_1_30' title='bbox 274 620 312 665; x_wconf 86' lang='lat' dir='ltr'>ac</span> <span class='ocrx_word' id='word_1_31' title='bbox 324 598 501 684; x_wconf 87' lang='lat' dir='ltr'>reponendi</span> <span class='ocrx_word' id='word_1_32' title='bbox 515 599 584 663; x_wconf 91' lang='lat' dir='ltr'>ulla</span> <span class='ocrx_word' id='word_1_33' title='bbox 596 598 755 684; x_wconf 89' lang='lat' dir='ltr'>pecudum</span> <span class='ocrx_word' id='word_1_34' title='bbox 769 598 904 664; x_wconf 88' lang='lat' dir='ltr'>scientia</span> <span class='ocrx_word' id='word_1_35' title='bbox 918 603 977 684; x_wconf 82' lang='lat' dir='ltr'>est,</span> <span class='ocrx_word' id='word_1_36' title='bbox 996 620 1170 683; x_wconf 86' lang='lat' dir='ltr'>earumque</span> <span class='ocrx_word' id='word_1_37' title='bbox 1180 650 1222 715; x_wconf 68' lang='lat'>63</span> 
     </span>
     <span class='ocr_line' id='line_1_6' title="bbox 127 686 1222 778; baseline 0 -28"><span class='ocrx_word' id='word_1_38' title='bbox 127 687 307 753; x_wconf 82' lang='lat' dir='ltr'>somnium</span> <span class='ocrx_word' id='word_1_39' title='bbox 336 708 445 755; x_wconf 89' lang='lat' dir='ltr'>rerum</span> <span class='ocrx_word' id='word_1_40' title='bbox 474 686 643 753; x_wconf 89' lang='lat' dir='ltr'>hominum</span> <span class='ocrx_word' id='word_1_41' title='bbox 672 691 722 753; x_wconf 91' lang='lat' dir='ltr'>est</span> <span class='ocrx_word' id='word_1_42' title='bbox 752 691 785 753; x_wconf 90' lang='lat' dir='ltr'>et</span> <span class='ocrx_word' id='word_1_43' title='bbox 813 708 891 753; x_wconf 90' lang='lat' dir='ltr'>usus</span> <span class='ocrx_word' id='word_1_44' title='bbox 919 691 953 753; x_wconf 92' lang='lat' dir='ltr'>et</span> <span class='ocrx_word' id='word_1_45' title='bbox 980 709 1065 753; x_wconf 88' lang='lat' dir='ltr'>cura.</span> <span class='ocrx_word' id='word_1_46' title='bbox 1109 686 1159 755; x_wconf 90' lang='lat' dir='ltr'>Ut</span> <span class='ocrx_word' id='word_1_47' title='bbox 1173 728 1222 778; x_wconf 74' lang='lat'>15⁷</span> 
     </span>
     <span class='ocr_line' id='line_1_7' title="bbox 157 771 1170 878; baseline -0.002 -36"><span class='ocrx_word' id='word_1_48' title='bbox 157 776 240 842; x_wconf 87' lang='lat' dir='ltr'>fides</span> <span class='ocrx_word' id='word_1_49' title='bbox 263 771 366 878; x_wconf 82' lang='lat' dir='ltr'>igitdr</span> <span class='ocrx_word' id='word_1_50' title='bbox 389 779 422 842; x_wconf 85' lang='lat' dir='ltr'>et</span> <span class='ocrx_word' id='word_1_51' title='bbox 439 775 539 841; x_wconf 75' lang='lat' dir='ltr'>tibias</span> <span class='ocrx_word' id='word_1_52' title='bbox 558 797 670 842; x_wconf 88' lang='lat' dir='ltr'>eorum</span> <span class='ocrx_word' id='word_1_53' title='bbox 688 798 786 842; x_wconf 88' lang='lat' dir='ltr'>causa</span> <span class='ocrx_word' id='word_1_54' title='bbox 802 775 907 842; x_wconf 88' lang='lat' dir='ltr'>factas</span> <span class='ocrx_word' id='word_1_55' title='bbox 926 775 1094 841; x_wconf 89' lang='lat' dir='ltr'>dicendum</span> <span class='ocrx_word' id='word_1_56' title='bbox 1111 778 1170 858; x_wconf 91' lang='lat' dir='ltr'>est,</span> 
     </span>
     <span class='ocr_line' id='line_1_8' title="bbox 160 863 1170 951; baseline -0.002 -20"><span class='ocrx_word' id='word_1_57' title='bbox 160 865 218 951; x_wconf 92' lang='lat' dir='ltr'>qui</span> <span class='ocrx_word' id='word_1_58' title='bbox 239 864 308 929; x_wconf 91' lang='lat' dir='ltr'>ilhs</span> <span class='ocrx_word' id='word_1_59' title='bbox 331 863 382 929; x_wconf 84' lang='lat' dir='ltr'>uti</span> <span class='ocrx_word' id='word_1_60' title='bbox 403 868 551 951; x_wconf 75' lang='lat' dir='ltr'>possent,</span> <span class='ocrx_word' id='word_1_61' title='bbox 579 864 626 930; x_wconf 90' lang='lat' dir='ltr'>sic</span> <span class='ocrx_word' id='word_1_62' title='bbox 649 887 700 949; x_wconf 93' lang='lat' dir='ltr'>ea,</span> <span class='ocrx_word' id='word_1_63' title='bbox 723 886 805 950; x_wconf 85' lang='lat' dir='ltr'>quae</span> <span class='ocrx_word' id='word_1_64' title='bbox 829 864 908 948; x_wconf 85' lang='lat' dir='ltr'>dixi,</span> <span class='ocrx_word' id='word_1_65' title='bbox 931 863 972 930; x_wconf 91' lang='lat' dir='ltr'>iis</span> <span class='ocrx_word' id='word_1_66' title='bbox 995 863 1170 936; x_wconf 72' lang='lat' dir='ltr'>solis&#39;con·</span> 
     </span>
     <span class='ocr_line' id='line_1_9' title="bbox 158 952 1170 1039; baseline 0 -21"><span class='ocrx_word' id='word_1_67' title='bbox 158 952 319 1018; x_wconf 84' lang='lat' dir='ltr'>fitendum</span> <span class='ocrx_word' id='word_1_68' title='bbox 345 956 397 1019; x_wconf 91' lang='lat' dir='ltr'>est</span> <span class='ocrx_word' id='word_1_69' title='bbox 424 974 501 1018; x_wconf 90' lang='lat' dir='ltr'>esse·</span> <span class='ocrx_word' id='word_1_70' title='bbox 521 955 651 1038; x_wconf 87' lang='lat' dir='ltr'>parata,</span> <span class='ocrx_word' id='word_1_71' title='bbox 679 954 735 1039; x_wconf 91' lang='lat' dir='ltr'>qui</span> <span class='ocrx_word' id='word_1_72' title='bbox 756 957 906 1037; x_wconf 90' lang='lat' dir='ltr'>utuntur,</span> <span class='ocrx_word' id='word_1_73' title='bbox 935 974 1007 1038; x_wconf 89' lang='lat' dir='ltr'>nec,</span> <span class='ocrx_word' id='word_1_74' title='bbox 1037 953 1170 1037; x_wconf 88' lang='lat' dir='ltr'>siquae</span> 
     </span>
     <span class='ocr_line' id='line_1_10' title="bbox 159 1040 1170 1128; baseline 0.001 -22"><span class='ocrx_word' id='word_1_75' title='bbox 159 1041 286 1107; x_wconf 88' lang='lat' dir='ltr'>bestiae</span> <span class='ocrx_word' id='word_1_76' title='bbox 314 1040 466 1106; x_wconf 85' lang='lat' dir='ltr'>furantur</span> <span class='ocrx_word' id='word_1_77' title='bbox 494 1041 618 1127; x_wconf 88' lang='lat' dir='ltr'>aliquid</span> <span class='ocrx_word' id='word_1_78' title='bbox 646 1064 684 1107; x_wconf 85' lang='lat' dir='ltr'>ex</span> <span class='ocrx_word' id='word_1_79' title='bbox 711 1042 752 1107; x_wconf 90' lang='lat' dir='ltr'>iis</span> <span class='ocrx_word' id='word_1_80' title='bbox 780 1045 837 1107; x_wconf 91' lang='lat' dir='ltr'>aut</span> <span class='ocrx_word' id='word_1_81' title='bbox 864 1042 1010 1128; x_wconf 88' lang='lat' dir='ltr'>rapiunt,</span> <span class='ocrx_word' id='word_1_82' title='bbox 1038 1040 1170 1107; x_wconf 84' lang='lat' dir='ltr'>iliarum</span> 
     </span>
     <span class='ocr_line' id='line_1_11' title="bbox 120 1129 1171 1221; baseline 0.005 -31"><span class='ocrx_word' id='word_1_83' title='bbox 120 1151 147 1190; x_wconf 76' lang='lat' dir='ltr'>ro</span> <span class='ocrx_word' id='word_1_84' title='bbox 161 1152 290 1216; x_wconf 90' lang='lat' dir='ltr'>quoque</span> <span class='ocrx_word' id='word_1_85' title='bbox 313 1151 411 1195; x_wconf 88' lang='lat' dir='ltr'>causa</span> <span class='ocrx_word' id='word_1_86' title='bbox 433 1151 472 1194; x_wconf 96' lang='lat' dir='ltr'>ea</span> <span class='ocrx_word' id='word_1_87' title='bbox 493 1134 572 1195; x_wconf 85' lang='lat' dir='ltr'>nata</span> <span class='ocrx_word' id='word_1_88' title='bbox 595 1151 665 1196; x_wconf 88' lang='lat' dir='ltr'>esse</span> <span class='ocrx_word' id='word_1_89' title='bbox 689 1130 839 1197; x_wconf 83' lang='lat' dir='ltr'>dicemus.</span> <span class='ocrx_word' id='word_1_90' title='bbox 876 1129 989 1217; x_wconf 89' lang='lat' dir='ltr'>Neque</span> <span class='ocrx_word' id='word_1_91' title='bbox 1010 1130 1097 1196; x_wconf 88' lang='lat' dir='ltr'>enim</span> <span class='ocrx_word' id='word_1_92' title='bbox 1114 1130 1171 1221; x_wconf 87' lang='lat' dir='ltr'>ho·</span> 
     </span>
     <span class='ocr_line' id='line_1_12' title="bbox 162 1218 1171 1286; baseline 0 -2"><span class='ocrx_word' id='word_1_93' title='bbox 162 1219 266 1284; x_wconf 89' lang='lat' dir='ltr'>mines</span> <span class='ocrx_word' id='word_1_94' title='bbox 293 1240 422 1283; x_wconf 90' lang='lat' dir='ltr'>murum</span> <span class='ocrx_word' id='word_1_95' title='bbox 445 1221 503 1283; x_wconf 86' lang='lat' dir='ltr'>aut</span> <span class='ocrx_word' id='word_1_96' title='bbox 524 1218 733 1284; x_wconf 78' lang='lat' dir='ltr'>formicarum</span> <span class='ocrx_word' id='word_1_97' title='bbox 756 1241 854 1286; x_wconf 91' lang='lat' dir='ltr'>causa</span> <span class='ocrx_word' id='word_1_98' title='bbox 876 1218 1075 1286; x_wconf 85' lang='lat' dir='ltr'>frumentum</span> <span class='ocrx_word' id='word_1_99' title='bbox 1098 1226 1171 1285; x_wconf 87' lang='lat' dir='ltr'>con·</span> 
     </span>
     <span class='ocr_line' id='line_1_13' title="bbox 161 1307 1170 1393; baseline 0 -21"><span class='ocrx_word' id='word_1_100' title='bbox 161 1308 253 1391; x_wconf 87' lang='lat' dir='ltr'>dunt,</span> <span class='ocrx_word' id='word_1_101' title='bbox 271 1307 327 1372; x_wconf 91' lang='lat' dir='ltr'>sed</span> <span class='ocrx_word' id='word_1_102' title='bbox 344 1307 517 1393; x_wconf 90' lang='lat' dir='ltr'>coniugum</span> <span class='ocrx_word' id='word_1_103' title='bbox 532 1312 564 1372; x_wconf 85' lang='lat' dir='ltr'>et</span> <span class='ocrx_word' id='word_1_104' title='bbox 578 1308 756 1374; x_wconf 91' lang='lat' dir='ltr'>liberorum</span> <span class='ocrx_word' id='word_1_105' title='bbox 770 1312 803 1374; x_wconf 85' lang='lat' dir='ltr'>et</span> <span class='ocrx_word' id='word_1_106' title='bbox 816 1307 1016 1375; x_wconf 82' lang='lat' dir='ltr'>familiarum</span> <span class='ocrx_word' id='word_1_107' title='bbox 1030 1330 1170 1374; x_wconf 86' lang='lat' dir='ltr'>suarum.</span> 
     </span>
     <span class='ocr_line' id='line_1_14' title="bbox 160 1395 1220 1483; baseline 0.001 -23"><span class='ocrx_word' id='word_1_108' title='bbox 160 1395 277 1481; x_wconf 90' lang='lat' dir='ltr'>Itaque</span> <span class='ocrx_word' id='word_1_109' title='bbox 296 1395 421 1461; x_wconf 86' lang='lat' dir='ltr'>bestiae</span> <span class='ocrx_word' id='word_1_110' title='bbox 438 1395 563 1481; x_wconf 88' lang='lat' dir='ltr'>furtim,</span> <span class='ocrx_word' id='word_1_111' title='bbox 584 1399 622 1461; x_wconf 92' lang='lat' dir='ltr'>ut</span> <span class='ocrx_word' id='word_1_112' title='bbox 641 1397 715 1482; x_wconf 83' lang='lat' dir='ltr'>dixi,</span> <span class='ocrx_word' id='word_1_113' title='bbox 737 1397 899 1482; x_wconf 88' lang='lat' dir='ltr'>fruuntur,</span> <span class='ocrx_word' id='word_1_114' title='bbox 921 1397 1044 1464; x_wconf 90' lang='lat' dir='ltr'>domini</span> <span class='ocrx_word' id='word_1_115' title='bbox 1061 1398 1171 1483; x_wconf 88' lang='lat' dir='ltr'>palam</span> <span class='ocrx_word' id='word_1_116' title='bbox 1217 1466 1220 1471; x_wconf 61' lang='lat'><em>„</em></span> 
     </span>
     <span class='ocr_line' id='line_1_15' title="bbox 160 1483 1223 1572; baseline -0.001 -22"><span class='ocrx_word' id='word_1_117' title='bbox 160 1488 197 1550; x_wconf 93' lang='lat' dir='ltr'>et</span> <span class='ocrx_word' id='word_1_118' title='bbox 221 1484 333 1551; x_wconf 88' lang='lat' dir='ltr'>libere.</span> <span class='ocrx_word' id='word_1_119' title='bbox 378 1483 557 1551; x_wconf 90' lang='lat' dir='ltr'>Hominum</span> <span class='ocrx_word' id='word_1_120' title='bbox 586 1485 689 1572; x_wconf 86' lang='lat' dir='ltr'>igitur</span> <span class='ocrx_word' id='word_1_121' title='bbox 718 1508 816 1551; x_wconf 90' lang='lat' dir='ltr'>causa</span> <span class='ocrx_word' id='word_1_122' title='bbox 842 1505 898 1551; x_wconf 89' lang='lat' dir='ltr'>cas</span> <span class='ocrx_word' id='word_1_123' title='bbox 925 1508 1034 1551; x_wconf 86' lang='lat' dir='ltr'>rerum</span> <span class='ocrx_word' id='word_1_124' title='bbox 1061 1486 1223 1571; x_wconf 74' lang='lat' dir='ltr'>copiaslts</span> 
     </span>
     <span class='ocr_line' id='line_1_16' title="bbox 120 1572 1172 1659; baseline 0.005 -26"><span class='ocrx_word' id='word_1_125' title='bbox 120 1593 148 1634; x_wconf 82' lang='lat'>15</span> <span class='ocrx_word' id='word_1_126' title='bbox 163 1577 371 1659; x_wconf 86' lang='lat' dir='ltr'>comparatas</span> <span class='ocrx_word' id='word_1_127' title='bbox 394 1572 562 1638; x_wconf 90' lang='lat' dir='ltr'>fatendum</span> <span class='ocrx_word' id='word_1_128' title='bbox 586 1578 649 1658; x_wconf 88' lang='lat' dir='ltr'>est,</span> <span class='ocrx_word' id='word_1_129' title='bbox 671 1574 735 1640; x_wconf 89' lang='lat' dir='ltr'>nisi</span> <span class='ocrx_word' id='word_1_130' title='bbox 757 1574 843 1640; x_wconf 86' lang='lat' dir='ltr'>forte</span> <span class='ocrx_word' id='word_1_131' title='bbox 866 1577 961 1647; x_wconf 86' lang='lat' dir='ltr'>tanta</span> <span class='ocrx_word' id='word_1_132' title='bbox 983 1574 1116 1639; x_wconf 88' lang='lat' dir='ltr'>ubertas</span> <span class='ocrx_word' id='word_1_133' title='bbox 1139 1577 1172 1638; x_wconf 91' lang='lat' dir='ltr'>et</span> 
     </span>
     <span class='ocr_line' id='line_1_17' title="bbox 160 1662 1171 1749; baseline -0.002 -21"><span class='ocrx_word' id='word_1_134' title='bbox 160 1662 305 1728; x_wconf 81' lang='lat' dir='ltr'>varietas</span> <span class='ocrx_word' id='word_1_135' title='bbox 336 1683 508 1749; x_wconf 89' lang='lat' dir='ltr'>pomorum</span> <span class='ocrx_word' id='word_1_136' title='bbox 541 1684 715 1748; x_wconf 87' lang='lat' dir='ltr'>eorumque</span> <span class='ocrx_word' id='word_1_137' title='bbox 741 1662 899 1728; x_wconf 90' lang='lat' dir='ltr'>iucundus</span> <span class='ocrx_word' id='word_1_138' title='bbox 926 1684 994 1729; x_wconf 88' lang='lat' dir='ltr'>non</span> <span class='ocrx_word' id='word_1_139' title='bbox 1021 1665 1171 1749; x_wconf 84' lang='lat' dir='ltr'>gustatus</span> 
     </span>
     <span class='ocr_line' id='line_1_18' title="bbox 161 1750 1172 1837; baseline -0.002 -21"><span class='ocrx_word' id='word_1_140' title='bbox 161 1751 284 1836; x_wconf 89' lang='lat' dir='ltr'>solum,</span> <span class='ocrx_word' id='word_1_141' title='bbox 311 1750 368 1815; x_wconf 90' lang='lat' dir='ltr'>sed</span> <span class='ocrx_word' id='word_1_142' title='bbox 395 1751 550 1817; x_wconf 88' lang='lat' dir='ltr'>odoratus</span> <span class='ocrx_word' id='word_1_143' title='bbox 578 1750 678 1816; x_wconf 88' lang='lat' dir='ltr'>etiam</span> <span class='ocrx_word' id='word_1_144' title='bbox 706 1754 739 1816; x_wconf 90' lang='lat' dir='ltr'>et</span> <span class='ocrx_word' id='word_1_145' title='bbox 761 1754 912 1837; x_wconf 88' lang='lat' dir='ltr'>aspectus</span> <span class='ocrx_word' id='word_1_146' title='bbox 936 1750 1172 1816; x_wconf 71' lang='lat' dir='ltr'>dubitationem</span> 
     </span>
     <span class='ocr_line' id='line_1_19' title="bbox 162 1839 1171 1924; baseline -0.004 -18"><span class='ocrx_word' id='word_1_147' title='bbox 162 1839 284 1923; x_wconf 80' lang='lat' dir='ltr'>adfert,</span> <span class='ocrx_word' id='word_1_148' title='bbox 321 1839 398 1924; x_wconf 90' lang='lat' dir='ltr'>quin</span> <span class='ocrx_word' id='word_1_149' title='bbox 434 1839 620 1905; x_wconf 88' lang='lat' dir='ltr'>hominibus</span> <span class='ocrx_word' id='word_1_150' title='bbox 658 1840 736 1906; x_wconf 88' lang='lat' dir='ltr'>solis</span> <span class='ocrx_word' id='word_1_151' title='bbox 773 1861 812 1906; x_wconf 89' lang='lat' dir='ltr'>ea</span> <span class='ocrx_word' id='word_1_152' title='bbox 845 1843 977 1918; x_wconf 84' lang='lat' dir='ltr'>natura</span> <span class='ocrx_word' id='word_1_153' title='bbox 995 1839 1171 1905; x_wconf 84' lang='lat' dir='ltr'>donaverit.</span> 
     </span>
     <span class='ocr_line' id='line_1_20' title="bbox 162 1928 1172 2015; baseline 0.002 -22"><span class='ocrx_word' id='word_1_154' title='bbox 162 1928 369 2012; x_wconf 85' lang='lat' dir='ltr'>Tantumque</span> <span class='ocrx_word' id='word_1_155' title='bbox 392 1929 494 2013; x_wconf 87' lang='lat' dir='ltr'>abest,</span> <span class='ocrx_word' id='word_1_156' title='bbox 517 1932 554 1993; x_wconf 88' lang='lat' dir='ltr'>ut</span> <span class='ocrx_word' id='word_1_157' title='bbox 576 1928 657 1997; x_wconf 90' lang='lat' dir='ltr'>haec</span> <span class='ocrx_word' id='word_1_158' title='bbox 679 1929 857 1994; x_wconf 87' lang='lat' dir='ltr'>bestiarum</span> <span class='ocrx_word' id='word_1_159' title='bbox 880 1928 1101 1996; x_wconf 82' lang='lat' dir='ltr'>etiam&#39;causa</span> <span class='ocrx_word' id='word_1_160' title='bbox 1117 1950 1172 2015; x_wconf 89' lang='lat' dir='ltr'>pa·</span> 
     </span>
     <span class='ocr_line' id='line_1_21' title="bbox 11 2016 1172 2104; baseline 0.003 -25"><span class='ocrx_word' id='word_1_161' title='bbox 11 2076 13 2079; x_wconf 81' lang='grc'><strong>,</strong></span> <span class='ocrx_word' id='word_1_162' title='bbox 120 2037 148 2078; x_wconf 75' lang='lat' dir='ltr'>ao</span> <span class='ocrx_word' id='word_1_163' title='bbox 161 2021 237 2082; x_wconf 88' lang='lat' dir='ltr'>rata</span> <span class='ocrx_word' id='word_1_164' title='bbox 260 2017 339 2101; x_wconf 91' lang='lat' dir='ltr'>sint,</span> <span class='ocrx_word' id='word_1_165' title='bbox 361 2020 399 2082; x_wconf 92' lang='lat' dir='ltr'>ut</span> <span class='ocrx_word' id='word_1_166' title='bbox 420 2016 509 2102; x_wconf 89' lang='lat' dir='ltr'>ipsas</span> <span class='ocrx_word' id='word_1_167' title='bbox 531 2017 655 2082; x_wconf 85' lang='lat' dir='ltr'>bestias</span> <span class='ocrx_word' id='word_1_168' title='bbox 678 2017 846 2083; x_wconf 89' lang='lat' dir='ltr'>hominum</span> <span class='ocrx_word' id='word_1_169' title='bbox 870 2017 978 2103; x_wconf 90' lang='lat' dir='ltr'>gratia</span> <span class='ocrx_word' id='word_1_170' title='bbox 1000 2020 1172 2104; x_wconf 84' lang='lat' dir='ltr'>generatas</span> 
     </span>
     <span class='ocr_line' id='line_1_22' title="bbox 11 2104 1173 2191; baseline -0.001 -19"><span class='ocrx_word' id='word_1_171' title='bbox 11 2104 12 2139; x_wconf 39' lang='grc' dir='ltr'><strong>Ᾰ</strong></span> <span class='ocrx_word' id='word_1_172' title='bbox 162 2128 234 2172; x_wconf 89' lang='lat' dir='ltr'>esse</span> <span class='ocrx_word' id='word_1_173' title='bbox 261 2105 438 2173; x_wconf 70' lang='lat' dir='ltr'>videamus,</span> <span class='ocrx_word' id='word_1_174' title='bbox 482 2104 566 2181; x_wconf 85' lang='lat' dir='ltr'>Quid</span> <span class='ocrx_word' id='word_1_175' title='bbox 594 2106 680 2171; x_wconf 89' lang='lat' dir='ltr'>enim</span> <span class='ocrx_word' id='word_1_176' title='bbox 707 2128 785 2172; x_wconf 87' lang='lat' dir='ltr'>oves</span> <span class='ocrx_word' id='word_1_177' title='bbox 807 2106 895 2171; x_wconf 84' lang='lat' dir='ltr'>aliud</span> <span class='ocrx_word' id='word_1_178' title='bbox 919 2105 1082 2191; x_wconf 85' lang='lat' dir='ltr'>adferunt,</span> <span class='ocrx_word' id='word_1_179' title='bbox 1108 2106 1173 2171; x_wconf 90' lang='lat' dir='ltr'>nisi</span> 
     </span>
     <span class='ocr_line' id='line_1_23' title="bbox 161 2193 1173 2280; baseline 0.002 -20"><span class='ocrx_word' id='word_1_180' title='bbox 161 2199 201 2260; x_wconf 86' lang='lat' dir='ltr'>ut</span> <span class='ocrx_word' id='word_1_181' title='bbox 223 2215 335 2259; x_wconf 88' lang='lat' dir='ltr'>earum</span> <span class='ocrx_word' id='word_1_182' title='bbox 356 2193 445 2258; x_wconf 82' lang='lat' dir='ltr'>villis</span> <span class='ocrx_word' id='word_1_183' title='bbox 468 2194 624 2260; x_wconf 87' lang='lat' dir='ltr'>confectis</span> <span class='ocrx_word' id='word_1_184' title='bbox 648 2199 746 2280; x_wconf 88' lang='lat' dir='ltr'>atque</span> <span class='ocrx_word' id='word_1_185' title='bbox 769 2194 929 2261; x_wconf 84' lang='lat' dir='ltr'>contextis</span> <span class='ocrx_word' id='word_1_186' title='bbox 951 2194 1098 2265; x_wconf 88' lang='lat' dir='ltr'>homines</span> <span class='ocrx_word' id='word_1_187' title='bbox 1121 2217 1173 2262; x_wconf 84' lang='lat' dir='ltr'>ve-</span> 
     </span>
     <span class='ocr_line' id='line_1_24' title="bbox 163 2282 1173 2370; baseline 0.003 -23"><span class='ocrx_word' id='word_1_188' title='bbox 163 2282 328 2348; x_wconf 82' lang='lat' dir='ltr'>stiantur?</span> <span class='ocrx_word' id='word_1_189' title='bbox 352 2304 434 2367; x_wconf 89' lang='lat' dir='ltr'>quae</span> <span class='ocrx_word' id='word_1_190' title='bbox 457 2282 586 2367; x_wconf 89' lang='lat' dir='ltr'>quidem</span> <span class='ocrx_word' id='word_1_191' title='bbox 609 2305 713 2370; x_wconf 89' lang='lat' dir='ltr'>neque</span> <span class='ocrx_word' id='word_1_192' title='bbox 736 2283 780 2348; x_wconf 87' lang='lat' dir='ltr'>ali</span> <span class='ocrx_word' id='word_1_193' title='bbox 801 2305 906 2368; x_wconf 92' lang='lat' dir='ltr'>neque</span> <span class='ocrx_word' id='word_1_194' title='bbox 924 2284 1102 2350; x_wconf 85' lang='lat' dir='ltr'>sustentari</span> <span class='ocrx_word' id='word_1_195' title='bbox 1119 2306 1173 2350; x_wconf 81' lang='lat' dir='ltr'>ne</span> 
     </span>
     <span class='ocr_line' id='line_1_25' title="bbox 164 2369 1172 2458; baseline 0.004 -21"><span class='ocrx_word' id='word_1_196' title='bbox 164 2393 226 2458; x_wconf 93' lang='lat' dir='ltr'>que</span> <span class='ocrx_word' id='word_1_197' title='bbox 253 2371 358 2437; x_wconf 89' lang='lat' dir='ltr'>ullum</span> <span class='ocrx_word' id='word_1_198' title='bbox 384 2369 527 2436; x_wconf 87' lang='lat' dir='ltr'>fructum</span> <span class='ocrx_word' id='word_1_199' title='bbox 555 2371 648 2438; x_wconf 89' lang='lat' dir='ltr'>edere</span> <span class='ocrx_word' id='word_1_200' title='bbox 675 2394 715 2438; x_wconf 88' lang='lat' dir='ltr'>ex</span> <span class='ocrx_word' id='word_1_201' title='bbox 742 2394 777 2438; x_wconf 88' lang='lat' dir='ltr'>se</span> <span class='ocrx_word' id='word_1_202' title='bbox 799 2372 869 2438; x_wconf 88' lang='lat' dir='ltr'>sinc</span> <span class='ocrx_word' id='word_1_203' title='bbox 892 2372 982 2439; x_wconf 84' lang='lat' dir='ltr'>cultu</span> <span class='ocrx_word' id='word_1_204' title='bbox 1004 2373 1172 2441; x_wconf 88' lang='lat' dir='ltr'>hominum</span> 
     </span>
     <span class='ocr_line' id='line_1_26' title="bbox 121 2458 1223 2545; baseline 0.005 -24"><span class='ocrx_word' id='word_1_205' title='bbox 121 2480 149 2521; x_wconf 80' lang='lat' dir='ltr'>rs</span> <span class='ocrx_word' id='word_1_206' title='bbox 163 2465 198 2527; x_wconf 88' lang='lat' dir='ltr'>et</span> <span class='ocrx_word' id='word_1_207' title='bbox 220 2460 386 2526; x_wconf 86' lang='lat' dir='ltr'>curatione</span> <span class='ocrx_word' id='word_1_208' title='bbox 409 2459 601 2545; x_wconf 88' lang='lat' dir='ltr'>potuissent.</span> <span class='ocrx_word' id='word_1_209' title='bbox 641 2458 766 2528; x_wconf 86' lang='lat' dir='ltr'>Canum</span> <span class='ocrx_word' id='word_1_210' title='bbox 788 2483 865 2531; x_wconf 84' lang='lat' dir='ltr'>vero</span> <span class='ocrx_word' id='word_1_211' title='bbox 888 2467 959 2527; x_wconf 87' lang='lat' dir='ltr'>tam</span> <span class='ocrx_word' id='word_1_212' title='bbox 980 2461 1046 2527; x_wconf 90' lang='lat' dir='ltr'>fida</span> <span class='ocrx_word' id='word_1_213' title='bbox 1068 2465 1173 2535; x_wconf 88' lang='lat' dir='ltr'>custo·</span> <span class='ocrx_word' id='word_1_214' title='bbox 1220 2482 1223 2487; x_wconf 68' lang='grc'>’</span> 
     </span>
     <span class='ocr_line' id='line_1_27' title="bbox 164 2549 1172 2635; baseline -0.001 -20"><span class='ocrx_word' id='word_1_215' title='bbox 164 2549 218 2615; x_wconf 90' lang='lat' dir='ltr'>dia</span> <span class='ocrx_word' id='word_1_216' title='bbox 253 2552 386 2635; x_wconf 86' lang='lat' dir='ltr'>tamque</span> <span class='ocrx_word' id='word_1_217' title='bbox 423 2570 536 2614; x_wconf 85' lang='lat' dir='ltr'>amans</span> <span class='ocrx_word' id='word_1_218' title='bbox 569 2549 772 2615; x_wconf 89' lang='lat' dir='ltr'>dominorum</span> <span class='ocrx_word' id='word_1_219' title='bbox 804 2549 948 2616; x_wconf 85' lang='lat' dir='ltr'>adulatio</span> <span class='ocrx_word' id='word_1_220' title='bbox 981 2553 1172 2635; x_wconf 91' lang='lat' dir='ltr'>tantumque</span> 
     </span>
     <span class='ocr_line' id='line_1_28' title="bbox 163 2637 1173 2726; baseline 0.002 -21"><span class='ocrx_word' id='word_1_221' title='bbox 163 2639 274 2705; x_wconf 89' lang='lat' dir='ltr'>odium</span> <span class='ocrx_word' id='word_1_222' title='bbox 300 2638 336 2703; x_wconf 91' lang='lat' dir='ltr'>in</span> <span class='ocrx_word' id='word_1_223' title='bbox 363 2642 514 2704; x_wconf 82' lang='lat' dir='ltr'>externos</span> <span class='ocrx_word' id='word_1_224' title='bbox 542 2639 575 2702; x_wconf 85' lang='lat' dir='ltr'>et</span> <span class='ocrx_word' id='word_1_225' title='bbox 600 2641 669 2702; x_wconf 89' lang='lat' dir='ltr'>tam</span> <span class='ocrx_word' id='word_1_226' title='bbox 691 2638 889 2705; x_wconf 88' lang='lat' dir='ltr'>incredibilis</span> <span class='ocrx_word' id='word_1_227' title='bbox 912 2638 954 2704; x_wconf 86' lang='lat' dir='ltr'>ad</span> <span class='ocrx_word' id='word_1_228' title='bbox 975 2637 1173 2726; x_wconf 83' lang='lat' dir='ltr'>investigan-</span> 
     </span>
     <span class='ocr_line' id='line_1_29' title="bbox 163 2725 1173 2814; baseline 0 -22"><span class='ocrx_word' id='word_1_229' title='bbox 163 2728 241 2792; x_wconf 89' lang='lat' dir='ltr'>dum</span> <span class='ocrx_word' id='word_1_230' title='bbox 259 2726 423 2814; x_wconf 81' lang='lat' dir='ltr'>sagacitas</span> <span class='ocrx_word' id='word_1_231' title='bbox 441 2725 578 2809; x_wconf 90' lang='lat' dir='ltr'>narium,</span> <span class='ocrx_word' id='word_1_232' title='bbox 601 2728 696 2792; x_wconf 87' lang='lat' dir='ltr'>tanta</span> <span class='ocrx_word' id='word_1_233' title='bbox 714 2726 868 2792; x_wconf 85' lang='lat' dir='ltr'>alacritas</span> <span class='ocrx_word' id='word_1_234' title='bbox 886 2726 920 2792; x_wconf 92' lang='lat' dir='ltr'>in</span> <span class='ocrx_word' id='word_1_235' title='bbox 934 2726 1081 2793; x_wconf 82' lang='lat' dir='ltr'>venando</span> <span class='ocrx_word' id='word_1_236' title='bbox 1096 2727 1173 2813; x_wconf 92' lang='lat' dir='ltr'>quid</span> 
     </span>
     <span class='ocr_line' id='line_1_30' title="bbox 164 2813 1172 2904; baseline 0 -22"><span class='ocrx_word' id='word_1_237' title='bbox 164 2815 329 2904; x_wconf 85' lang='lat' dir='ltr'>siguificat</span> <span class='ocrx_word' id='word_1_238' title='bbox 347 2815 435 2880; x_wconf 91' lang='lat' dir='ltr'>aliud</span> <span class='ocrx_word' id='word_1_239' title='bbox 453 2814 518 2879; x_wconf 90' lang='lat' dir='ltr'>nisi</span> <span class='ocrx_word' id='word_1_240' title='bbox 536 2836 571 2879; x_wconf 88' lang='lat' dir='ltr'>se</span> <span class='ocrx_word' id='word_1_241' title='bbox 589 2813 631 2879; x_wconf 92' lang='lat' dir='ltr'>ad</span> <span class='ocrx_word' id='word_1_242' title='bbox 648 2815 817 2883; x_wconf 88' lang='lat' dir='ltr'>bominum</span> <span class='ocrx_word' id='word_1_243' title='bbox 835 2815 1083 2882; x_wconf 88' lang='lat' dir='ltr'>commoditates</span> <span class='ocrx_word' id='word_1_244' title='bbox 1102 2837 1172 2883; x_wconf 87' lang='lat' dir='ltr'>esse</span> 
     </span>
     <span class='ocr_line' id='line_1_31' title="bbox 123 2902 1224 2992; baseline -0.006 -22"><span class='ocrx_word' id='word_1_245' title='bbox 123 2923 150 2963; x_wconf 77' lang='lat' dir='ltr'><strong><em>w</em></strong></span> <span class='ocrx_word' id='word_1_246' title='bbox 165 2904 360 2992; x_wconf 84' lang='lat' dir='ltr'>generatos?</span> <span class='ocrx_word' id='word_1_247' title='bbox 392 2902 476 2979; x_wconf 81' lang='lat' dir='ltr'>Quid</span> <span class='ocrx_word' id='word_1_248' title='bbox 493 2902 532 2967; x_wconf 94' lang='lat' dir='ltr'>de</span> <span class='ocrx_word' id='word_1_249' title='bbox 550 2902 657 2969; x_wconf 89' lang='lat' dir='ltr'>bubus</span> <span class='ocrx_word' id='word_1_250' title='bbox 675 2904 813 2990; x_wconf 81' lang='lat' dir='ltr'>loquar?</span> <span class='ocrx_word' id='word_1_251' title='bbox 831 2926 970 2989; x_wconf 88' lang='lat' dir='ltr'>quorum</span> <span class='ocrx_word' id='word_1_252' title='bbox 983 2904 1056 2990; x_wconf 88' lang='lat' dir='ltr'>ipsa</span> <span class='ocrx_word' id='word_1_253' title='bbox 1069 2908 1163 2991; x_wconf 84' lang='lat' dir='ltr'>terga</span> <span class='ocrx_word' id='word_1_254' title='bbox 1174 2915 1224 2964; x_wconf 80' lang='lat'>159</span> 
     </span>
     <span class='ocr_line' id='line_1_32' title="bbox 164 2992 1172 3080; baseline 0.001 -22"><span class='ocrx_word' id='word_1_255' title='bbox 164 2993 332 3060; x_wconf 89' lang='lat' dir='ltr'>declarant</span> <span class='ocrx_word' id='word_1_256' title='bbox 357 3014 424 3060; x_wconf 90' lang='lat' dir='ltr'>non</span> <span class='ocrx_word' id='word_1_257' title='bbox 451 3013 522 3058; x_wconf 89' lang='lat' dir='ltr'>esse</span> <span class='ocrx_word' id='word_1_258' title='bbox 550 3013 584 3057; x_wconf 90' lang='lat' dir='ltr'>se</span> <span class='ocrx_word' id='word_1_259' title='bbox 607 2992 648 3057; x_wconf 88' lang='lat' dir='ltr'>ad</span> <span class='ocrx_word' id='word_1_260' title='bbox 670 3013 752 3058; x_wconf 89' lang='lat' dir='ltr'>onus</span> <span class='ocrx_word' id='word_1_261' title='bbox 775 2992 996 3078; x_wconf 88' lang='lat' dir='ltr'>accipiendum</span> <span class='ocrx_word' id='word_1_262' title='bbox 1018 2993 1172 3080; x_wconf 80' lang='lat' dir='ltr'>figrrrata3</span> 
     </span>
     <span class='ocr_line' id='line_1_33' title="bbox 165 3080 1173 3167; baseline 0.001 -20"><span class='ocrx_word' id='word_1_263' title='bbox 165 3083 309 3150; x_wconf 79' lang='lat' dir='ltr'>cervices</span> <span class='ocrx_word' id='word_1_264' title='bbox 331 3090 438 3150; x_wconf 85' lang='lat' dir='ltr'>autem</span> <span class='ocrx_word' id='word_1_265' title='bbox 459 3084 556 3147; x_wconf 86' lang='lat' dir='ltr'>natac</span> <span class='ocrx_word' id='word_1_266' title='bbox 580 3080 620 3145; x_wconf 89' lang='lat' dir='ltr'>ad</span> <span class='ocrx_word' id='word_1_267' title='bbox 641 3080 764 3167; x_wconf 89' lang='lat' dir='ltr'>iugum,</span> <span class='ocrx_word' id='word_1_268' title='bbox 786 3085 857 3146; x_wconf 91' lang='lat' dir='ltr'>tum</span> <span class='ocrx_word' id='word_1_269' title='bbox 879 3081 965 3147; x_wconf 83' lang='lat' dir='ltr'>vires</span> <span class='ocrx_word' id='word_1_270' title='bbox 988 3103 1173 3148; x_wconf 85' lang='lat' dir='ltr'>umerorum</span> 
     </span>
     <span class='ocr_line' id='line_1_34' title="bbox 163 3168 1173 3255; baseline 0.002 -20"><span class='ocrx_word' id='word_1_271' title='bbox 163 3174 197 3236; x_wconf 87' lang='lat' dir='ltr'>et</span> <span class='ocrx_word' id='word_1_272' title='bbox 214 3171 405 3237; x_wconf 89' lang='lat' dir='ltr'>latitudines</span> <span class='ocrx_word' id='word_1_273' title='bbox 425 3169 465 3236; x_wconf 91' lang='lat' dir='ltr'>ad</span> <span class='ocrx_word' id='word_1_274' title='bbox 480 3174 590 3235; x_wconf 84' lang='lat' dir='ltr'>aratra</span> <span class='ocrx_word' id='word_1_275' title='bbox 606 3168 841 3252; x_wconf 82' lang='lat' dir='ltr'>[ex]trahenda.</span> <span class='ocrx_word' id='word_1_276' title='bbox 872 3168 1005 3255; x_wconf 85' lang='lat' dir='ltr'>Quibus,</span> <span class='ocrx_word' id='word_1_277' title='bbox 1023 3192 1096 3237; x_wconf 88' lang='lat' dir='ltr'>cum</span> <span class='ocrx_word' id='word_1_278' title='bbox 1110 3172 1173 3239; x_wconf 87' lang='lat' dir='ltr'>ter·</span> 
     </span>
     <span class='ocr_line' id='line_1_35' title="bbox 163 3257 1173 3346; baseline -0.001 -21"><span class='ocrx_word' id='word_1_279' title='bbox 163 3280 219 3325; x_wconf 89' lang='lat' dir='ltr'>rae</span> <span class='ocrx_word' id='word_1_280' title='bbox 243 3259 471 3345; x_wconf 80' lang='lat' dir='ltr'>subigerentur</span> <span class='ocrx_word' id='word_1_281' title='bbox 492 3257 625 3323; x_wconf 89' lang='lat' dir='ltr'>fissione</span> <span class='ocrx_word' id='word_1_282' title='bbox 648 3258 827 3346; x_wconf 82' lang='lat' dir='ltr'>glebarum,</span> <span class='ocrx_word' id='word_1_283' title='bbox 852 3258 894 3324; x_wconf 91' lang='lat' dir='ltr'>ab</span> <span class='ocrx_word' id='word_1_284' title='bbox 916 3259 975 3324; x_wconf 91' lang='lat' dir='ltr'>illo</span> <span class='ocrx_word' id='word_1_285' title='bbox 999 3280 1096 3324; x_wconf 88' lang='lat' dir='ltr'>aureo</span> <span class='ocrx_word' id='word_1_286' title='bbox 1120 3280 1173 3346; x_wconf 80' lang='lat' dir='ltr'>ge</span> 
     </span>
     <span class='ocr_line' id='line_1_36' title="bbox 124 3346 1173 3433; baseline 0 -20"><span class='ocrx_word' id='word_1_287' title='bbox 124 3363 152 3406; x_wconf 76' lang='lat'>⁸⁵</span> <span class='ocrx_word' id='word_1_288' title='bbox 165 3369 254 3431; x_wconf 85' lang='lat' dir='ltr'>nere,</span> <span class='ocrx_word' id='word_1_289' title='bbox 280 3351 318 3412; x_wconf 94' lang='lat' dir='ltr'>ut</span> <span class='ocrx_word' id='word_1_290' title='bbox 339 3350 455 3433; x_wconf 67' lang='lat' dir='ltr'>poetae</span> <span class='ocrx_word' id='word_1_291' title='bbox 477 3346 665 3431; x_wconf 85' lang='lat' dir='ltr'>loquuntur,</span> <span class='ocrx_word' id='word_1_292' title='bbox 687 3347 738 3412; x_wconf 84' lang='lat' dir='ltr'>vis</span> <span class='ocrx_word' id='word_1_293' title='bbox 760 3347 852 3412; x_wconf 89' lang='lat' dir='ltr'>nulla</span> <span class='ocrx_word' id='word_1_294' title='bbox 874 3368 1029 3433; x_wconf 88' lang='lat' dir='ltr'>umquam</span> <span class='ocrx_word' id='word_1_295' title='bbox 1052 3346 1173 3413; x_wconf 87' lang='lat' dir='ltr'>adfere-</span> 
     </span>
     <span class='ocr_line' id='line_1_37' title="bbox 164 3437 270 3502; baseline -0.028 0"><span class='ocrx_word' id='word_1_296' title='bbox 164 3437 270 3502; x_wconf 88' lang='lat' dir='ltr'>batur.</span> 
     </span>
     <span class='ocr_line' id='line_1_38' title="bbox 193 3522 1172 3609; baseline -0.002 -20"><span class='ocrx_word' id='word_1_297' title='bbox 193 3532 195 3539; x_wconf 83' lang='grc'><em>’</em></span> <span class='ocrx_word' id='word_1_298' title='bbox 229 3522 371 3590; x_wconf 86' lang='lat' dir='ltr'>Ferrea</span> <span class='ocrx_word' id='word_1_299' title='bbox 397 3528 477 3589; x_wconf 90' lang='lat' dir='ltr'>tum</span> <span class='ocrx_word' id='word_1_300' title='bbox 500 3545 592 3589; x_wconf 84' lang='lat' dir='ltr'>vero</span> <span class='ocrx_word' id='word_1_301' title='bbox 615 3523 745 3606; x_wconf 85' lang='lat' dir='ltr'>proles</span> <span class='ocrx_word' id='word_1_302' title='bbox 769 3527 906 3589; x_wconf 83' lang='lat' dir='ltr'>exorta</span> <span class='ocrx_word' id='word_1_303' title='bbox 927 3527 1088 3609; x_wconf 87' lang='lat' dir='ltr'>repente</span> <span class='ocrx_word' id='word_1_304' title='bbox 1111 3525 1172 3588; x_wconf 90' lang='lat' dir='ltr'>est</span> 
     </span>
    </p>
   </div>
   <div class='ocr_carea' id='block_1_3' title="bbox 0 0 1336 3908">
    <p class='ocr_par' dir='ltr' id='par_1_3' title="bbox 0 0 1336 3908">
     <span class='ocr_line' id='line_1_39' title="bbox 0 0 1336 3908; baseline 0 0"><span class='ocrx_word' id='word_1_305' title='bbox 0 0 1336 3908; x_wconf 95' lang='lat' dir='ltr'> </span> 
     </span>
    </p>
   </div>
  </div>
 </body>
</html>
