<?xml version="1.0" encoding="UTF-8"?>
<!DOCTYPE html PUBLIC "-//W3C//DTD XHTML 1.0 Transitional//EN"
    "http://www.w3.org/TR/xhtml1/DTD/xhtml1-transitional.dtd">
<html xmlns="http://www.w3.org/1999/xhtml" xml:lang="en" lang="en">
 <head>
  <title>
</title>
<meta http-equiv="Content-Type" content="text/html;charset=utf-8" />
  <meta name='ocr-system' content='tesseract 3.04.00' />
  <meta name='ocr-capabilities' content='ocr_page ocr_carea ocr_par ocr_line ocrx_word'/>
</head>
<body>
  <div class='ocr_page' id='page_1' title='image "./mtulliiciceroni00salegoog_0249.png"; bbox 0 0 2652 3920; ppageno 0'>
   <div class='ocr_carea' id='block_1_1' title="bbox 190 220 850 289">
    <p class='ocr_par' dir='ltr' id='par_1_1' title="bbox 190 220 850 289">
     <span class='ocr_line' id='line_1_1' title="bbox 190 220 850 289; baseline 0 -13"><span class='ocrx_word' id='word_1_1' title='bbox 190 222 251 289; x_wconf 82' lang='lat'>196</span> <span class='ocrx_word' id='word_1_2' title='bbox 536 220 585 277; x_wconf 84' lang='lat' dir='ltr'>DE</span> <span class='ocrx_word' id='word_1_3' title='bbox 604 220 850 279; x_wconf 77' lang='lat' dir='ltr'><strong>DIVINATIONE</strong></span> 
     </span>
    </p>
   </div>
   <div class='ocr_carea' id='block_1_2' title="bbox 184 361 1199 1778">
    <p class='ocr_par' dir='ltr' id='par_1_2' title="bbox 184 361 1199 1778">
     <span class='ocr_line' id='line_1_2' title="bbox 204 361 1199 433; baseline -0.001 -14"><span class='ocrx_word' id='word_1_4' title='bbox 204 379 257 419; x_wconf 89' lang='lat' dir='ltr'>uae</span> <span class='ocrx_word' id='word_1_5' title='bbox 281 362 340 418; x_wconf 87' lang='lat' dir='ltr'>sint</span> <span class='ocrx_word' id='word_1_6' title='bbox 360 379 487 433; x_wconf 86' lang='lat' dir='ltr'>quaeque</span> <span class='ocrx_word' id='word_1_7' title='bbox 509 361 605 418; x_wconf 84' lang='lat' dir='ltr'>futura</span> <span class='ocrx_word' id='word_1_8' title='bbox 627 362 697 432; x_wconf 89' lang='lat' dir='ltr'>sint,</span> <span class='ocrx_word' id='word_1_9' title='bbox 724 379 759 419; x_wconf 85' lang='lat' dir='ltr'>ex</span> <span class='ocrx_word' id='word_1_10' title='bbox 781 361 858 418; x_wconf 89' lang='lat' dir='ltr'>omni</span> <span class='ocrx_word' id='word_1_11' title='bbox 880 361 1049 418; x_wconf 88' lang='lat' dir='ltr'>aeternitate</span> <span class='ocrx_word' id='word_1_12' title='bbox 1072 361 1199 419; x_wconf 80' lang='lat' dir='ltr'>fataliter</span> 
     </span>
     <span class='ocr_line' id='line_1_3' title="bbox 186 381 1198 505; baseline 0.001 -16"><span class='ocrx_word' id='word_1_13' title='bbox 186 381 301 490; x_wconf 84' lang='lat' dir='ltr'>definita</span> <span class='ocrx_word' id='word_1_14' title='bbox 323 449 385 491; x_wconf 89' lang='lat' dir='ltr'>esse</span> <span class='ocrx_word' id='word_1_15' title='bbox 407 433 545 500; x_wconf 88' lang='lat' dir='ltr'>iudicent,</span> <span class='ocrx_word' id='word_1_16' title='bbox 568 432 642 488; x_wconf 85' lang='lat' dir='ltr'>nihil</span> <span class='ocrx_word' id='word_1_17' title='bbox 679 432 792 489; x_wconf 85' lang='lat' dir='ltr'>rodesse</span> <span class='ocrx_word' id='word_1_18' title='bbox 812 431 1016 489; x_wconf 82' lang='lat' dir='ltr'>divinationem</span> <span class='ocrx_word' id='word_1_19' title='bbox 1036 435 1107 505; x_wconf 88' lang='lat' dir='ltr'>(cap.</span> <span class='ocrx_word' id='word_1_20' title='bbox 1126 439 1198 490; x_wconf 81' lang='grc'>0-0</span> 
     </span>
     <span class='ocr_line' id='line_1_4' title="bbox 185 502 1199 575; baseline -0.003 -14"><span class='ocrx_word' id='word_1_21' title='bbox 185 511 201 572; x_wconf 68' lang='grc'>1</span> <span class='ocrx_word' id='word_1_22' title='bbox 220 505 350 575; x_wconf 79' lang='grc'>12-11),</span> <span class='ocrx_word' id='word_1_23' title='bbox 373 505 404 560; x_wconf 92' lang='lat' dir='ltr'>et</span> <span class='ocrx_word' id='word_1_24' title='bbox 424 520 491 560; x_wconf 80' lang='lat' dir='ltr'>vero</span> <span class='ocrx_word' id='word_1_25' title='bbox 515 503 646 559; x_wconf 86' lang='lat' dir='ltr'>inutilem</span> <span class='ocrx_word' id='word_1_26' title='bbox 688 503 828 560; x_wconf 85' lang='lat' dir='ltr'>ominibus</span> <span class='ocrx_word' id='word_1_27' title='bbox 851 519 912 560; x_wconf 90' lang='lat' dir='ltr'>esse</span> <span class='ocrx_word' id='word_1_28' title='bbox 930 502 1088 560; x_wconf 84' lang='lat' dir='ltr'>futurarum</span> <span class='ocrx_word' id='word_1_29' title='bbox 1105 519 1199 560; x_wconf 88' lang='lat' dir='ltr'>rerum</span> 
     </span>
     <span class='ocr_line' id='line_1_5' title="bbox 185 573 1199 647; baseline 0 -17"><span class='ocrx_word' id='word_1_30' title='bbox 185 574 333 631; x_wconf 87' lang='lat' dir='ltr'>scientiam</span> <span class='ocrx_word' id='word_1_31' title='bbox 351 577 423 647; x_wconf 88' lang='lat' dir='ltr'>(cap.</span> <span class='ocrx_word' id='word_1_32' title='bbox 439 582 456 631; x_wconf 89' lang='grc'>0</span> <span class='ocrx_word' id='word_1_33' title='bbox 474 577 628 644; x_wconf 68' lang='lat' dir='ltr'>§at-24),</span> <span class='ocrx_word' id='word_1_34' title='bbox 647 575 678 631; x_wconf 88' lang='lat' dir='ltr'>et</span> <span class='ocrx_word' id='word_1_35' title='bbox 695 574 771 645; x_wconf 87' lang='lat' dir='ltr'>quod</span> <span class='ocrx_word' id='word_1_36' title='bbox 790 573 886 629; x_wconf 87' lang='lat' dir='ltr'>dicant</span> <span class='ocrx_word' id='word_1_37' title='bbox 902 574 978 629; x_wconf 85' lang='lat' dir='ltr'>mala</span> <span class='ocrx_word' id='word_1_38' title='bbox 996 575 1091 630; x_wconf 89' lang='lat' dir='ltr'>omnia</span> <span class='ocrx_word' id='word_1_39' title='bbox 1107 573 1145 630; x_wconf 88' lang='lat' dir='ltr'>ad</span> <span class='ocrx_word' id='word_1_40' title='bbox 1158 575 1199 630; x_wconf 85' lang='lat' dir='ltr'>fe·</span> 
     </span>
     <span class='ocr_line' id='line_1_6' title="bbox 184 643 1198 717; baseline -0.002 -16"><span class='ocrx_word' id='word_1_41' title='bbox 184 645 302 701; x_wconf 88' lang='lat' dir='ltr'>rendum</span> <span class='ocrx_word' id='word_1_42' title='bbox 315 645 424 702; x_wconf 77' lang='lat' dir='ltr'>leuiora</span> <span class='ocrx_word' id='word_1_43' title='bbox 436 644 496 701; x_wconf 80' lang='lat' dir='ltr'>fore</span> <span class='ocrx_word' id='word_1_44' title='bbox 509 644 592 701; x_wconf 86' lang='lat' dir='ltr'>rebus</span> <span class='ocrx_word' id='word_1_45' title='bbox 607 643 711 700; x_wconf 82' lang='lat' dir='ltr'>divinis</span> <span class='ocrx_word' id='word_1_46' title='bbox 724 645 892 717; x_wconf 83' lang='lat' dir='ltr'>procuratis,</span> <span class='ocrx_word' id='word_1_47' title='bbox 904 644 978 700; x_wconf 85' lang='lat' dir='ltr'>nihil</span> <span class='ocrx_word' id='word_1_48' title='bbox 986 644 1018 700; x_wconf 91' lang='lat' dir='ltr'>id</span> <span class='ocrx_word' id='word_1_49' title='bbox 1028 661 1098 712; x_wconf 87' lang='lat' dir='ltr'>esse,</span> <span class='ocrx_word' id='word_1_50' title='bbox 1112 645 1198 715; x_wconf 86' lang='lat' dir='ltr'>quod,</span> 
     </span>
     <span class='ocr_line' id='line_1_7' title="bbox 185 714 1198 787; baseline 0 -15"><span class='ocrx_word' id='word_1_51' title='bbox 185 716 212 772; x_wconf 92' lang='lat' dir='ltr'>si</span> <span class='ocrx_word' id='word_1_52' title='bbox 228 715 302 773; x_wconf 90' lang='lat' dir='ltr'>nihil</span> <span class='ocrx_word' id='word_1_53' title='bbox 319 716 370 772; x_wconf 87' lang='lat' dir='ltr'>fiat</span> <span class='ocrx_word' id='word_1_54' title='bbox 387 719 466 772; x_wconf 85' lang='lat' dir='ltr'>extra</span> <span class='ocrx_word' id='word_1_55' title='bbox 483 715 581 783; x_wconf 82' lang='lat' dir='ltr'>iatum,</span> <span class='ocrx_word' id='word_1_56' title='bbox 598 715 672 773; x_wconf 83' lang='lat' dir='ltr'>nihil</span> <span class='ocrx_word' id='word_1_57' title='bbox 689 716 780 773; x_wconf 87' lang='lat' dir='ltr'>levari</span> <span class='ocrx_word' id='word_1_58' title='bbox 796 732 827 771; x_wconf 87' lang='lat' dir='ltr'>re</span> <span class='ocrx_word' id='word_1_59' title='bbox 845 714 944 771; x_wconf 86' lang='lat' dir='ltr'>divina</span> <span class='ocrx_word' id='word_1_60' title='bbox 960 715 1054 787; x_wconf 85' lang='lat' dir='ltr'>possit</span> <span class='ocrx_word' id='word_1_61' title='bbox 1070 720 1143 787; x_wconf 84' lang='lat' dir='ltr'>(cap.</span> <span class='ocrx_word' id='word_1_62' title='bbox 1164 723 1198 772; x_wconf 99' lang='grc'>10</span> 
     </span>
     <span class='ocr_line' id='line_1_8' title="bbox 185 785 1196 869; baseline -0.001 -26"><span class='ocrx_word' id='word_1_63' title='bbox 185 793 258 856; x_wconf 69' lang='grc'>111,</span> <span class='ocrx_word' id='word_1_64' title='bbox 276 790 332 856; x_wconf 77' lang='grc'>20).</span> <span class='ocrx_word' id='word_1_65' title='bbox 363 785 504 859; x_wconf 74' lang='lat' dir='ltr'>Deinceps</span> <span class='ocrx_word' id='word_1_66' title='bbox 523 785 635 856; x_wconf 89' lang='lat' dir='ltr'>singula</span> <span class='ocrx_word' id='word_1_67' title='bbox 653 785 836 842; x_wconf 72' lang='lat' dir='ltr'>divinationis</span> <span class='ocrx_word' id='word_1_68' title='bbox 854 802 965 869; x_wconf 85' lang='lat' dir='ltr'>genera,</span> <span class='ocrx_word' id='word_1_69' title='bbox 984 802 1056 856; x_wconf 85' lang='lat' dir='ltr'>quae</span> <span class='ocrx_word' id='word_1_70' title='bbox 1073 789 1148 858; x_wconf 92' lang='lat' dir='ltr'>(cap.</span> <span class='ocrx_word' id='word_1_71' title='bbox 1163 793 1196 842; x_wconf 90' lang='lat'>11</span> 
     </span>
     <span class='ocr_line' id='line_1_9' title="bbox 185 856 1198 929; baseline -0.002 -16"><span class='ocrx_word' id='word_1_72' title='bbox 185 865 201 925; x_wconf 66' lang='grc' dir='ltr'><strong>ς</strong></span> <span class='ocrx_word' id='word_1_73' title='bbox 219 865 262 926; x_wconf 79' lang='grc'>10,</span> <span class='ocrx_word' id='word_1_74' title='bbox 281 860 327 929; x_wconf 78' lang='grc'>11)</span> <span class='ocrx_word' id='word_1_75' title='bbox 347 857 438 913; x_wconf 88' lang='lat' dir='ltr'>denuo</span> <span class='ocrx_word' id='word_1_76' title='bbox 456 856 586 929; x_wconf 88' lang='lat' dir='ltr'>partitur,</span> <span class='ocrx_word' id='word_1_77' title='bbox 606 856 730 912; x_wconf 87' lang='lat' dir='ltr'>refutare</span> <span class='ocrx_word' id='word_1_78' title='bbox 748 856 920 928; x_wconf 67' lang='lat' dir='ltr'>adgreditur.</span> <span class='ocrx_word' id='word_1_79' title='bbox 955 857 998 913; x_wconf 83' lang='lat' dir='ltr'>Ac</span> <span class='ocrx_word' id='word_1_80' title='bbox 1016 857 1051 912; x_wconf 89' lang='lat' dir='ltr'>de</span> <span class='ocrx_word' id='word_1_81' title='bbox 1069 856 1198 929; x_wconf 86' lang='lat' dir='ltr'>haruspi-</span> 
     </span>
     <span class='ocr_line' id='line_1_10' title="bbox 185 927 1197 1000; baseline 0.001 -17"><span class='ocrx_word' id='word_1_82' title='bbox 185 927 250 983; x_wconf 91' lang='lat' dir='ltr'>cina</span> <span class='ocrx_word' id='word_1_83' title='bbox 285 927 382 984; x_wconf 88' lang='lat' dir='ltr'>uidem</span> <span class='ocrx_word' id='word_1_84' title='bbox 399 927 540 1000; x_wconf 90' lang='lat' dir='ltr'>disputat,</span> <span class='ocrx_word' id='word_1_85' title='bbox 564 927 594 981; x_wconf 90' lang='lat' dir='ltr'>id</span> <span class='ocrx_word' id='word_1_86' title='bbox 613 929 657 983; x_wconf 88' lang='lat' dir='ltr'>est</span> <span class='ocrx_word' id='word_1_87' title='bbox 676 927 711 983; x_wconf 92' lang='lat' dir='ltr'>de</span> <span class='ocrx_word' id='word_1_88' title='bbox 730 928 801 982; x_wconf 87' lang='lat' dir='ltr'>extis</span> <span class='ocrx_word' id='word_1_89' title='bbox 822 930 893 999; x_wconf 88' lang='lat' dir='ltr'>(cap.</span> <span class='ocrx_word' id='word_1_90' title='bbox 914 933 1018 984; x_wconf 79' lang='grc'>11-10</span> <span class='ocrx_word' id='word_1_91' title='bbox 1037 933 1053 995; x_wconf 70' lang='grc'>1</span> <span class='ocrx_word' id='word_1_92' title='bbox 1071 931 1197 999; x_wconf 76' lang='grc'>00-31),</span> 
     </span>
     <span class='ocr_line' id='line_1_11' title="bbox 185 997 1198 1081; baseline 0 -26"><span class='ocrx_word' id='word_1_93' title='bbox 185 998 220 1055; x_wconf 86' lang='lat' dir='ltr'>de</span> <span class='ocrx_word' id='word_1_94' title='bbox 336 998 398 1055; x_wconf 84' lang='lat' dir='ltr'>&#39;bus</span> <span class='ocrx_word' id='word_1_95' title='bbox 415 1000 461 1068; x_wconf 88' lang='lat' dir='ltr'>(oa</span> <span class='ocrx_word' id='word_1_96' title='bbox 480 1041 488 1057; x_wconf 86' lang='lat'><strong>.</strong></span> <span class='ocrx_word' id='word_1_97' title='bbox 508 1004 611 1055; x_wconf 70' lang='lat'>17-21</span> <span class='ocrx_word' id='word_1_98' title='bbox 631 1004 647 1065; x_wconf 65' lang='grc'>1</span> <span class='ocrx_word' id='word_1_99' title='bbox 664 1002 789 1070; x_wconf 78' lang='grc'>18-40),</span> <span class='ocrx_word' id='word_1_100' title='bbox 808 997 844 1055; x_wconf 89' lang='grc'>10</span> <span class='ocrx_word' id='word_1_101' title='bbox 862 997 981 1055; x_wconf 88' lang='lat' dir='ltr'>ostentis</span> <span class='ocrx_word' id='word_1_102' title='bbox 999 1000 1072 1081; x_wconf 83' lang='lat' dir='ltr'>(cap.</span> <span class='ocrx_word' id='word_1_103' title='bbox 1091 1004 1198 1055; x_wconf 73' lang='lat'>22—32</span> 
     </span>
     <span class='ocr_line' id='line_1_12' title="bbox 185 1067 1197 1141; baseline 0 -15"><span class='ocrx_word' id='word_1_104' title='bbox 185 1073 342 1140; x_wconf 72' lang='grc'>140-10).</span> <span class='ocrx_word' id='word_1_105' title='bbox 380 1069 488 1125; x_wconf 84' lang='lat' dir='ltr'>Deire</span> <span class='ocrx_word' id='word_1_106' title='bbox 512 1070 663 1137; x_wconf 84' lang='lat' dir='ltr'>monstrat,</span> <span class='ocrx_word' id='word_1_107' title='bbox 689 1084 774 1138; x_wconf 83' lang='lat' dir='ltr'>quam</span> <span class='ocrx_word' id='word_1_108' title='bbox 797 1084 872 1125; x_wconf 82' lang='lat' dir='ltr'>vana</span> <span class='ocrx_word' id='word_1_109' title='bbox 893 1068 951 1125; x_wconf 88' lang='lat' dir='ltr'>sint</span> <span class='ocrx_word' id='word_1_110' title='bbox 972 1067 1100 1141; x_wconf 75' lang='lat' dir='ltr'>auspicia</span> <span class='ocrx_word' id='word_1_111' title='bbox 1124 1072 1197 1141; x_wconf 87' lang='lat' dir='ltr'>(cap.</span> 
     </span>
     <span class='ocr_line' id='line_1_13' title="bbox 185 1139 1199 1211; baseline 0 -15"><span class='ocrx_word' id='word_1_112' title='bbox 185 1146 292 1196; x_wconf 81' lang='grc'>33-40</span> <span class='ocrx_word' id='word_1_113' title='bbox 310 1144 464 1211; x_wconf 71' lang='lat' dir='ltr'>§to-84).</span> <span class='ocrx_word' id='word_1_114' title='bbox 496 1139 567 1194; x_wconf 85' lang='lat' dir='ltr'>Tum</span> <span class='ocrx_word' id='word_1_115' title='bbox 585 1139 620 1194; x_wconf 91' lang='lat' dir='ltr'>de</span> <span class='ocrx_word' id='word_1_116' title='bbox 638 1139 761 1194; x_wconf 89' lang='lat' dir='ltr'>sortibus</span> <span class='ocrx_word' id='word_1_117' title='bbox 779 1139 841 1210; x_wconf 89' lang='lat' dir='ltr'>agit</span> <span class='ocrx_word' id='word_1_118' title='bbox 857 1141 930 1211; x_wconf 89' lang='lat' dir='ltr'>(cap.</span> <span class='ocrx_word' id='word_1_119' title='bbox 949 1147 983 1196; x_wconf 80' lang='lat'>41</span> <span class='ocrx_word' id='word_1_120' title='bbox 1003 1143 1150 1209; x_wconf 70' lang='lat' dir='ltr'>§Bt-8⁵1)</span> <span class='ocrx_word' id='word_1_121' title='bbox 1168 1142 1199 1196; x_wconf 90' lang='lat' dir='ltr'>et</span> 
     </span>
     <span class='ocr_line' id='line_1_14' title="bbox 185 1209 1198 1283; baseline 0.003 -19"><span class='ocrx_word' id='word_1_122' title='bbox 185 1210 220 1265; x_wconf 89' lang='grc'>10</span> <span class='ocrx_word' id='word_1_123' title='bbox 240 1209 444 1267; x_wconf 82' lang='lat' dir='ltr'>Chaldaeorum</span> <span class='ocrx_word' id='word_1_124' title='bbox 457 1209 698 1283; x_wconf 75' lang='lat' dir='ltr'>praedictionibus</span> <span class='ocrx_word' id='word_1_125' title='bbox 711 1209 890 1281; x_wconf 74' lang='lat' dir='ltr'>astrologicis</span> <span class='ocrx_word' id='word_1_126' title='bbox 905 1226 1056 1280; x_wconf 86' lang='lat' dir='ltr'>earumque</span> <span class='ocrx_word' id='word_1_127' title='bbox 1070 1210 1198 1267; x_wconf 83' lang='lat' dir='ltr'>vanitate</span> 
     </span>
     <span class='ocr_line' id='line_1_15' title="bbox 185 1279 1198 1363; baseline 0.001 -27"><span class='ocrx_word' id='word_1_128' title='bbox 185 1283 257 1363; x_wconf 86' lang='lat' dir='ltr'>(cap.</span> <span class='ocrx_word' id='word_1_129' title='bbox 277 1288 383 1338; x_wconf 71' lang='lat'>42-47</span> <span class='ocrx_word' id='word_1_130' title='bbox 402 1284 557 1353; x_wconf 76' lang='lat'>§87-99).</span> <span class='ocrx_word' id='word_1_131' title='bbox 591 1279 667 1346; x_wconf 83' lang='lat' dir='ltr'>Quae</span> <span class='ocrx_word' id='word_1_132' title='bbox 685 1280 795 1350; x_wconf 87' lang='lat' dir='ltr'>reliqua</span> <span class='ocrx_word' id='word_1_133' title='bbox 813 1283 880 1337; x_wconf 90' lang='lat' dir='ltr'>sunt</span> <span class='ocrx_word' id='word_1_134' title='bbox 897 1281 952 1337; x_wconf 91' lang='lat' dir='ltr'>duo</span> <span class='ocrx_word' id='word_1_135' title='bbox 970 1281 1107 1338; x_wconf 86' lang='lat' dir='ltr'>naturalis</span> <span class='ocrx_word' id='word_1_136' title='bbox 1126 1281 1198 1337; x_wconf 79' lang='lat' dir='ltr'>diri·</span> 
     </span>
     <span class='ocr_line' id='line_1_16' title="bbox 184 1350 1197 1424; baseline 0.001 -17"><span class='ocrx_word' id='word_1_137' title='bbox 184 1351 308 1408; x_wconf 78' lang='lat' dir='ltr'>nationis</span> <span class='ocrx_word' id='word_1_138' title='bbox 332 1368 436 1424; x_wconf 87' lang='lat' dir='ltr'>genera</span> <span class='ocrx_word' id='word_1_139' title='bbox 458 1356 710 1424; x_wconf 69' lang='grc'>(0010401100),</span> <span class='ocrx_word' id='word_1_140' title='bbox 735 1351 857 1408; x_wconf 86' lang='lat' dir='ltr'>altsmm</span> <span class='ocrx_word' id='word_1_141' title='bbox 899 1350 1081 1408; x_wconf 86' lang='lat' dir='ltr'>raediotionis</span> <span class='ocrx_word' id='word_1_142' title='bbox 1104 1350 1197 1408; x_wconf 79' lang='lat' dir='ltr'>furore</span> 
     </span>
     <span class='ocr_line' id='line_1_17' title="bbox 185 1371 1197 1493; baseline 0.001 -16"><span class='ocrx_word' id='word_1_143' title='bbox 185 1423 307 1493; x_wconf 87' lang='lat' dir='ltr'>quodam</span> <span class='ocrx_word' id='word_1_144' title='bbox 330 1425 426 1490; x_wconf 90' lang='lat' dir='ltr'>natae,</span> <span class='ocrx_word' id='word_1_145' title='bbox 455 1439 510 1493; x_wconf 90' lang='lat' dir='ltr'>quo</span> <span class='ocrx_word' id='word_1_146' title='bbox 533 1422 620 1479; x_wconf 88' lang='lat' dir='ltr'>etiam</span> <span class='ocrx_word' id='word_1_147' title='bbox 642 1422 778 1478; x_wconf 88' lang='lat' dir='ltr'>librorum</span> <span class='ocrx_word' id='word_1_148' title='bbox 800 1371 1002 1492; x_wconf 65' lang='lat' dir='ltr'>sibyllinorum</span> <span class='ocrx_word' id='word_1_149' title='bbox 1023 1421 1197 1493; x_wconf 84' lang='lat' dir='ltr'>aliorumque</span> 
     </span>
     <span class='ocr_line' id='line_1_18' title="bbox 185 1492 1196 1565; baseline 0.002 -17"><span class='ocrx_word' id='word_1_150' title='bbox 185 1494 362 1551; x_wconf 88' lang='lat' dir='ltr'>oraculorum</span> <span class='ocrx_word' id='word_1_151' title='bbox 379 1495 469 1549; x_wconf 90' lang='lat' dir='ltr'>sortes</span> <span class='ocrx_word' id='word_1_152' title='bbox 488 1494 519 1550; x_wconf 91' lang='grc'>01</span> <span class='ocrx_word' id='word_1_153' title='bbox 535 1492 674 1548; x_wconf 79' lang='lat' dir='ltr'>vaticinia</span> <span class='ocrx_word' id='word_1_154' title='bbox 690 1492 778 1548; x_wconf 87' lang='lat' dir='ltr'>refert</span> <span class='ocrx_word' id='word_1_155' title='bbox 794 1499 866 1565; x_wconf 88' lang='lat' dir='ltr'>(cap.</span> <span class='ocrx_word' id='word_1_156' title='bbox 880 1499 986 1550; x_wconf 79' lang='grc'>40-11</span> <span class='ocrx_word' id='word_1_157' title='bbox 1006 1498 1021 1560; x_wconf 72' lang='grc'>1</span> <span class='ocrx_word' id='word_1_158' title='bbox 1036 1497 1196 1564; x_wconf 86' lang='grc'>101-110),</span> 
     </span>
     <span class='ocr_line' id='line_1_19' title="bbox 185 1563 1197 1636; baseline -0.001 -16"><span class='ocrx_word' id='word_1_159' title='bbox 185 1564 356 1622; x_wconf 90' lang='lat' dir='ltr'>somniorum</span> <span class='ocrx_word' id='word_1_160' title='bbox 369 1565 489 1621; x_wconf 86' lang='lat' dir='ltr'>altorum</span> <span class='ocrx_word' id='word_1_161' title='bbox 503 1566 548 1636; x_wconf 89' lang='lat' dir='ltr'>(ca</span> <span class='ocrx_word' id='word_1_162' title='bbox 569 1569 690 1621; x_wconf 75' lang='lat' dir='ltr'>‚oa-‘11</span> <span class='ocrx_word' id='word_1_163' title='bbox 706 1570 722 1630; x_wconf 69' lang='lat'>5</span> <span class='ocrx_word' id='word_1_164' title='bbox 737 1568 889 1635; x_wconf 77' lang='grc'>110-141)</span> <span class='ocrx_word' id='word_1_165' title='bbox 903 1563 1027 1635; x_wconf 86' lang='lat' dir='ltr'>attingit</span> <span class='ocrx_word' id='word_1_166' title='bbox 1055 1565 1089 1619; x_wconf 93' lang='lat' dir='ltr'>ln</span> <span class='ocrx_word' id='word_1_167' title='bbox 1102 1563 1197 1636; x_wconf 84' lang='lat' dir='ltr'>dispu-</span> 
     </span>
     <span class='ocr_line' id='line_1_20' title="bbox 184 1583 1197 1705; baseline 0 -14"><span class='ocrx_word' id='word_1_168' title='bbox 184 1635 302 1691; x_wconf 86' lang='lat' dir='ltr'>tationis</span> <span class='ocrx_word' id='word_1_169' title='bbox 321 1634 501 1691; x_wconf 88' lang='lat' dir='ltr'>conclusione</span> <span class='ocrx_word' id='word_1_170' title='bbox 518 1583 687 1705; x_wconf 63' lang='lat' dir='ltr'>retigionem</span> <span class='ocrx_word' id='word_1_171' title='bbox 704 1635 846 1705; x_wconf 81' lang='lat' dir='ltr'>tuendam,</span> <span class='ocrx_word' id='word_1_172' title='bbox 865 1635 917 1691; x_wconf 89' lang='lat' dir='ltr'>sed</span> <span class='ocrx_word' id='word_1_173' title='bbox 934 1633 1135 1690; x_wconf 67' lang='grc'>0001100100</span> <span class='ocrx_word' id='word_1_174' title='bbox 1152 1652 1197 1691; x_wconf 91' lang='lat' dir='ltr'>su·</span> 
     </span>
     <span class='ocr_line' id='line_1_21' title="bbox 184 1705 1113 1778; baseline -0.002 -16"><span class='ocrx_word' id='word_1_175' title='bbox 184 1706 382 1778; x_wconf 84' lang='lat' dir='ltr'>perstitionem</span> <span class='ocrx_word' id='word_1_176' title='bbox 399 1722 460 1765; x_wconf 88' lang='lat' dir='ltr'>esse</span> <span class='ocrx_word' id='word_1_177' title='bbox 478 1705 756 1777; x_wconf 58' lang='grc'>0000000001</span> <span class='ocrx_word' id='word_1_178' title='bbox 773 1708 845 1777; x_wconf 88' lang='lat' dir='ltr'>(cap.</span> <span class='ocrx_word' id='word_1_179' title='bbox 865 1712 899 1762; x_wconf 79' lang='grc'>11</span> <span class='ocrx_word' id='word_1_180' title='bbox 917 1712 934 1774; x_wconf 64' lang='lat' dir='ltr'>s</span> <span class='ocrx_word' id='word_1_181' title='bbox 953 1707 1113 1776; x_wconf 82' lang='grc'>140-100).</span> 
     </span>
    </p>
   </div>
   <div class='ocr_carea' id='block_1_3' title="bbox 151 1953 1294 3634">
    <p class='ocr_par' dir='ltr' id='par_1_3' title="bbox 184 1953 1294 2837">
     <span class='ocr_line' id='line_1_22' title="bbox 252 1953 1294 2042; baseline 0.003 -21"><span class='ocrx_word' id='word_1_182' title='bbox 252 1953 427 2033; x_wconf 79' lang='lat' dir='ltr'>Quaerenti</span> <span class='ocrx_word' id='word_1_183' title='bbox 441 1955 522 2021; x_wconf 88' lang='lat' dir='ltr'>mihi</span> <span class='ocrx_word' id='word_1_184' title='bbox 536 1956 740 2040; x_wconf 88' lang='lat' dir='ltr'>multumque</span> <span class='ocrx_word' id='word_1_185' title='bbox 754 1958 787 2020; x_wconf 92' lang='lat' dir='ltr'>et</span> <span class='ocrx_word' id='word_1_186' title='bbox 802 1954 856 2019; x_wconf 89' lang='lat' dir='ltr'>diu</span> <span class='ocrx_word' id='word_1_187' title='bbox 870 1954 1039 2042; x_wconf 78' lang='lat' dir='ltr'>cogitanti,</span> <span class='ocrx_word' id='word_1_188' title='bbox 1056 1979 1198 2040; x_wconf 88' lang='lat' dir='ltr'>quanam</span> <span class='ocrx_word' id='word_1_189' title='bbox 1291 1990 1294 1995; x_wconf 20' lang='grc' dir='ltr'><strong>Δ</strong></span> 
     </span>
     <span class='ocr_line' id='line_1_23' title="bbox 185 2043 1197 2131; baseline -0.001 -20"><span class='ocrx_word' id='word_1_190' title='bbox 185 2067 221 2111; x_wconf 89' lang='lat' dir='ltr'>re</span> <span class='ocrx_word' id='word_1_191' title='bbox 239 2065 375 2131; x_wconf 23' lang='lat' dir='ltr'>,possem</span> <span class='ocrx_word' id='word_1_192' title='bbox 396 2043 550 2129; x_wconf 85' lang='lat' dir='ltr'>prodesse</span> <span class='ocrx_word' id='word_1_193' title='bbox 572 2065 672 2128; x_wconf 88' lang='lat' dir='ltr'>quam</span> <span class='ocrx_word' id='word_1_194' title='bbox 693 2043 859 2129; x_wconf 87' lang='lat' dir='ltr'>plurimis,</span> <span class='ocrx_word' id='word_1_195' title='bbox 883 2064 924 2107; x_wconf 89' lang='lat' dir='ltr'>ne</span> <span class='ocrx_word' id='word_1_196' title='bbox 948 2043 1076 2128; x_wconf 88' lang='lat' dir='ltr'>quando</span> <span class='ocrx_word' id='word_1_197' title='bbox 1100 2045 1197 2110; x_wconf 87' lang='lat' dir='ltr'>inter·</span> 
     </span>
     <span class='ocr_line' id='line_1_24' title="bbox 185 2131 1197 2217; baseline 0.002 -19"><span class='ocrx_word' id='word_1_198' title='bbox 185 2133 350 2198; x_wconf 90' lang='lat' dir='ltr'>mitterem</span> <span class='ocrx_word' id='word_1_199' title='bbox 372 2132 540 2199; x_wconf 82' lang='lat' dir='ltr'>consulere</span> <span class='ocrx_word' id='word_1_200' title='bbox 562 2132 611 2198; x_wconf 93' lang='lat' dir='ltr'>rei</span> <span class='ocrx_word' id='word_1_201' title='bbox 632 2131 791 2217; x_wconf 89' lang='lat' dir='ltr'>publicae,</span> <span class='ocrx_word' id='word_1_202' title='bbox 812 2131 905 2196; x_wconf 89' lang='lat' dir='ltr'>nulla</span> <span class='ocrx_word' id='word_1_203' title='bbox 927 2132 1033 2198; x_wconf 88' lang='lat' dir='ltr'>maior</span> <span class='ocrx_word' id='word_1_204' title='bbox 1055 2154 1197 2200; x_wconf 82' lang='lat' dir='ltr'>occume</span> 
     </span>
     <span class='ocr_line' id='line_1_25' title="bbox 185 2219 1197 2308; baseline 0 -21"><span class='ocrx_word' id='word_1_205' title='bbox 185 2221 258 2304; x_wconf 90' lang='lat' dir='ltr'>bat,</span> <span class='ocrx_word' id='word_1_206' title='bbox 287 2241 385 2305; x_wconf 86' lang='lat' dir='ltr'>quam</span> <span class='ocrx_word' id='word_1_207' title='bbox 411 2219 442 2287; x_wconf 88' lang='lat' dir='ltr'>si</span> <span class='ocrx_word' id='word_1_208' title='bbox 468 2221 666 2308; x_wconf 88' lang='lat' dir='ltr'>optimarum</span> <span class='ocrx_word' id='word_1_209' title='bbox 693 2220 814 2286; x_wconf 90' lang='lat' dir='ltr'>artium</span> <span class='ocrx_word' id='word_1_210' title='bbox 837 2220 907 2285; x_wconf 86' lang='lat' dir='ltr'>vias</span> <span class='ocrx_word' id='word_1_211' title='bbox 929 2220 1093 2287; x_wconf 86' lang='lat' dir='ltr'>traderem</span> <span class='ocrx_word' id='word_1_212' title='bbox 1116 2222 1197 2288; x_wconf 90' lang='lat' dir='ltr'>meis</span> 
     </span>
     <span class='ocr_line' id='line_1_26' title="bbox 185 2306 1239 2394; baseline -0.001 -18"><span class='ocrx_word' id='word_1_213' title='bbox 185 2309 324 2394; x_wconf 80' lang='lat' dir='ltr'>civibus3</span> <span class='ocrx_word' id='word_1_214' title='bbox 347 2308 434 2393; x_wconf 92' lang='lat' dir='ltr'>quod</span> <span class='ocrx_word' id='word_1_215' title='bbox 457 2308 666 2394; x_wconf 85' lang='lat' dir='ltr'>conpluribus</span> <span class='ocrx_word' id='word_1_216' title='bbox 688 2309 755 2375; x_wconf 92' lang='lat' dir='ltr'>iam</span> <span class='ocrx_word' id='word_1_217' title='bbox 777 2308 871 2374; x_wconf 87' lang='lat' dir='ltr'>libris</span> <span class='ocrx_word' id='word_1_218' title='bbox 892 2330 944 2374; x_wconf 86' lang='lat' dir='ltr'>me</span> <span class='ocrx_word' id='word_1_219' title='bbox 963 2306 1107 2376; x_wconf 84' lang='lat' dir='ltr'>aibitror</span> <span class='ocrx_word' id='word_1_220' title='bbox 1124 2332 1197 2376; x_wconf 88' lang='lat' dir='ltr'>con·</span> <span class='ocrx_word' id='word_1_221' title='bbox 1224 2325 1239 2368; x_wconf 79' lang='lat'><strong>⁶</strong></span> 
     </span>
     <span class='ocr_line' id='line_1_27' title="bbox 186 2396 1198 2485; baseline 0.001 -21"><span class='ocrx_word' id='word_1_222' title='bbox 186 2401 341 2464; x_wconf 87' lang='lat' dir='ltr'>secutum.</span> <span class='ocrx_word' id='word_1_223' title='bbox 386 2396 473 2463; x_wconf 90' lang='lat' dir='ltr'>Nam</span> <span class='ocrx_word' id='word_1_224' title='bbox 504 2401 537 2463; x_wconf 92' lang='grc'>01</span> <span class='ocrx_word' id='word_1_225' title='bbox 566 2397 730 2465; x_wconf 85' lang='lat' dir='ltr'>cohortati</span> <span class='ocrx_word' id='word_1_226' title='bbox 760 2418 884 2482; x_wconf 87' lang='lat' dir='ltr'>sumus,</span> <span class='ocrx_word' id='word_1_227' title='bbox 913 2401 951 2462; x_wconf 91' lang='lat' dir='ltr'>ut</span> <span class='ocrx_word' id='word_1_228' title='bbox 978 2397 1118 2464; x_wconf 88' lang='lat' dir='ltr'>maxime</span> <span class='ocrx_word' id='word_1_229' title='bbox 1142 2420 1198 2485; x_wconf 90' lang='lat' dir='ltr'>po·</span> 
     </span>
     <span class='ocr_line' id='line_1_28' title="bbox 185 2484 1199 2572; baseline -0.001 -20"><span class='ocrx_word' id='word_1_230' title='bbox 185 2486 323 2571; x_wconf 88' lang='lat' dir='ltr'>tuimus,</span> <span class='ocrx_word' id='word_1_231' title='bbox 355 2486 397 2552; x_wconf 90' lang='lat' dir='ltr'>ad</span> <span class='ocrx_word' id='word_1_232' title='bbox 427 2484 656 2572; x_wconf 86' lang='lat' dir='ltr'>philosophiae</span> <span class='ocrx_word' id='word_1_233' title='bbox 689 2486 832 2552; x_wconf 91' lang='lat' dir='ltr'>studium</span> <span class='ocrx_word' id='word_1_234' title='bbox 864 2507 902 2551; x_wconf 92' lang='lat' dir='ltr'>eo</span> <span class='ocrx_word' id='word_1_235' title='bbox 932 2485 1032 2572; x_wconf 86' lang='lat' dir='ltr'>libro,</span> <span class='ocrx_word' id='word_1_236' title='bbox 1065 2487 1120 2572; x_wconf 91' lang='lat' dir='ltr'>qui</span> <span class='ocrx_word' id='word_1_237' title='bbox 1147 2491 1199 2553; x_wconf 88' lang='lat' dir='ltr'>est</span> 
     </span>
     <span class='ocr_line' id='line_1_29' title="bbox 184 2574 1198 2662; baseline 0.001 -22"><span class='ocrx_word' id='word_1_238' title='bbox 184 2574 360 2661; x_wconf 88' lang='lat' dir='ltr'>inscriptus</span> <span class='ocrx_word' id='word_1_239' title='bbox 387 2574 597 2658; x_wconf 82' lang='lat' dir='ltr'>Hortensius,</span> <span class='ocrx_word' id='word_1_240' title='bbox 624 2578 670 2659; x_wconf 91' lang='lat' dir='ltr'>et,</span> <span class='ocrx_word' id='word_1_241' title='bbox 700 2574 787 2661; x_wconf 90' lang='lat' dir='ltr'>quod</span> <span class='ocrx_word' id='word_1_242' title='bbox 814 2595 915 2662; x_wconf 88' lang='lat' dir='ltr'>genus</span> <span class='ocrx_word' id='word_1_243' title='bbox 944 2574 1198 2662; x_wconf 90' lang='lat' dir='ltr'>philosophandi</span> 
     </span>
     <span class='ocr_line' id='line_1_30' title="bbox 184 2662 1197 2751; baseline 0.001 -22"><span class='ocrx_word' id='word_1_244' title='bbox 184 2664 318 2729; x_wconf 93' lang='lat' dir='ltr'>minime</span> <span class='ocrx_word' id='word_1_245' title='bbox 346 2662 509 2750; x_wconf 80' lang='lat' dir='ltr'>adrogans</span> <span class='ocrx_word' id='word_1_246' title='bbox 538 2662 740 2747; x_wconf 86' lang='lat' dir='ltr'>maximeque</span> <span class='ocrx_word' id='word_1_247' title='bbox 767 2668 801 2728; x_wconf 91' lang='lat' dir='ltr'>et</span> <span class='ocrx_word' id='word_1_248' title='bbox 827 2667 980 2730; x_wconf 84' lang='lat' dir='ltr'>constans</span> <span class='ocrx_word' id='word_1_249' title='bbox 1008 2666 1042 2729; x_wconf 92' lang='lat' dir='ltr'>et</span> <span class='ocrx_word' id='word_1_250' title='bbox 1064 2665 1197 2751; x_wconf 83' lang='lat' dir='ltr'>elegans</span> 
     </span>
     <span class='ocr_line' id='line_1_31' title="bbox 185 2750 1241 2837; baseline -0.002 -18"><span class='ocrx_word' id='word_1_251' title='bbox 185 2754 434 2836; x_wconf 88' lang='lat' dir='ltr'>arbitraremur,</span> <span class='ocrx_word' id='word_1_252' title='bbox 462 2754 618 2837; x_wconf 85' lang='lat' dir='ltr'>quattuor</span> <span class='ocrx_word' id='word_1_253' title='bbox 641 2750 844 2818; x_wconf 84' lang='lat' dir='ltr'>Academicis</span> <span class='ocrx_word' id='word_1_254' title='bbox 869 2752 963 2817; x_wconf 87' lang='lat' dir='ltr'>libris</span> <span class='ocrx_word' id='word_1_255' title='bbox 987 2752 1197 2831; x_wconf 84' lang='lat' dir='ltr'>ostendimus.</span> <span class='ocrx_word' id='word_1_256' title='bbox 1211 2770 1241 2812; x_wconf 80' lang='grc' dir='ltr'>ιο</span> 
     </span>
    </p>

    <p class='ocr_par' dir='ltr' id='par_1_4' title="bbox 151 2839 1241 3634">
     <span class='ocr_line' id='line_1_32' title="bbox 151 2839 1198 2927; baseline 0.004 -24"><span class='ocrx_word' id='word_1_257' title='bbox 151 2854 167 2903; x_wconf 84' lang='grc'>0</span> <span class='ocrx_word' id='word_1_258' title='bbox 186 2841 332 2927; x_wconf 78' lang='lat' dir='ltr'>Cumque</span> <span class='ocrx_word' id='word_1_259' title='bbox 361 2839 609 2907; x_wconf 81' lang='lat' dir='ltr'>fundamentum</span> <span class='ocrx_word' id='word_1_260' title='bbox 637 2844 725 2906; x_wconf 88' lang='lat' dir='ltr'>esset</span> <span class='ocrx_word' id='word_1_261' title='bbox 745 2840 973 2927; x_wconf 89' lang='lat' dir='ltr'>philosophiae</span> <span class='ocrx_word' id='word_1_262' title='bbox 995 2841 1140 2926; x_wconf 90' lang='lat' dir='ltr'>positum</span> <span class='ocrx_word' id='word_1_263' title='bbox 1162 2841 1198 2907; x_wconf 91' lang='lat' dir='ltr'>in</span> 
     </span>
     <span class='ocr_line' id='line_1_33' title="bbox 185 2928 1198 3015; baseline -0.002 -18"><span class='ocrx_word' id='word_1_264' title='bbox 185 2931 304 2997; x_wconf 87' lang='lat' dir='ltr'>finibus</span> <span class='ocrx_word' id='word_1_265' title='bbox 327 2928 488 2996; x_wconf 90' lang='lat' dir='ltr'>bonorum</span> <span class='ocrx_word' id='word_1_266' title='bbox 509 2928 730 3014; x_wconf 89' lang='lat' dir='ltr'>etmalorum,</span> <span class='ocrx_word' id='word_1_267' title='bbox 752 2932 971 3015; x_wconf 89' lang='lat' dir='ltr'>perpurgatus</span> <span class='ocrx_word' id='word_1_268' title='bbox 990 2929 1087 2995; x_wconf 89' lang='lat' dir='ltr'>estis</span> <span class='ocrx_word' id='word_1_269' title='bbox 1106 2930 1198 2995; x_wconf 91' lang='lat' dir='ltr'>locus</span> 
     </span>
     <span class='ocr_line' id='line_1_34' title="bbox 186 3016 1198 3104; baseline -0.002 -19"><span class='ocrx_word' id='word_1_270' title='bbox 186 3041 206 3085; x_wconf 95' lang='lat' dir='ltr'>a</span> <span class='ocrx_word' id='word_1_271' title='bbox 231 3017 327 3085; x_wconf 85' lang='lat' dir='ltr'>nobis</span> <span class='ocrx_word' id='word_1_272' title='bbox 356 3016 497 3102; x_wconf 91' lang='lat' dir='ltr'>quinque</span> <span class='ocrx_word' id='word_1_273' title='bbox 524 3016 633 3102; x_wconf 88' lang='lat' dir='ltr'>libris,</span> <span class='ocrx_word' id='word_1_274' title='bbox 662 3021 712 3103; x_wconf 86' lang='lat' dir='ltr'>ut,</span> <span class='ocrx_word' id='word_1_275' title='bbox 740 3016 817 3103; x_wconf 90' lang='lat' dir='ltr'>quid</span> <span class='ocrx_word' id='word_1_276' title='bbox 844 3038 865 3082; x_wconf 89' lang='lat' dir='ltr'>a</span> <span class='ocrx_word' id='word_1_277' title='bbox 892 3038 1033 3102; x_wconf 87' lang='lat' dir='ltr'>quoque,</span> <span class='ocrx_word' id='word_1_278' title='bbox 1064 3018 1198 3104; x_wconf 88' lang='lat' dir='ltr'>etquid</span> 
     </span>
     <span class='ocr_line' id='line_1_35' title="bbox 185 3104 1198 3194; baseline 0.001 -21"><span class='ocrx_word' id='word_1_279' title='bbox 185 3110 300 3173; x_wconf 89' lang='lat' dir='ltr'>contra</span> <span class='ocrx_word' id='word_1_280' title='bbox 324 3128 482 3193; x_wconf 90' lang='lat' dir='ltr'>quemque</span> <span class='ocrx_word' id='word_1_281' title='bbox 505 3104 738 3194; x_wconf 87' lang='lat' dir='ltr'>philosophum</span> <span class='ocrx_word' id='word_1_282' title='bbox 761 3104 930 3189; x_wconf 86' lang='lat' dir='ltr'>diceretur,</span> <span class='ocrx_word' id='word_1_283' title='bbox 952 3105 1102 3193; x_wconf 89' lang='lat' dir='ltr'>intellegi</span> <span class='ocrx_word' id='word_1_284' title='bbox 1124 3128 1198 3193; x_wconf 89' lang='lat' dir='ltr'>pos·</span> 
     </span>
     <span class='ocr_line' id='line_1_36' title="bbox 187 3192 1241 3280; baseline -0.006 -20"><span class='ocrx_word' id='word_1_285' title='bbox 187 3199 245 3260; x_wconf 90' lang='lat' dir='ltr'>set.</span> <span class='ocrx_word' id='word_1_286' title='bbox 277 3195 427 3261; x_wconf 86' lang='lat' dir='ltr'>Totidem</span> <span class='ocrx_word' id='word_1_287' title='bbox 451 3195 615 3263; x_wconf 85' lang='lat' dir='ltr'>subsecuti</span> <span class='ocrx_word' id='word_1_288' title='bbox 633 3194 710 3261; x_wconf 92' lang='lat' dir='ltr'>libri</span> <span class='ocrx_word' id='word_1_289' title='bbox 728 3192 986 3260; x_wconf 82' lang='lat' dir='ltr'>Tusculanarum</span> <span class='ocrx_word' id='word_1_290' title='bbox 1005 3194 1241 3280; x_wconf 74' lang='lat' dir='ltr'>disputatio-15</span> 
     </span>
     <span class='ocr_line' id='line_1_37' title="bbox 186 3282 1199 3368; baseline 0.002 -21"><span class='ocrx_word' id='word_1_291' title='bbox 186 3305 265 3347; x_wconf 90' lang='lat' dir='ltr'>num</span> <span class='ocrx_word' id='word_1_292' title='bbox 286 3304 339 3348; x_wconf 89' lang='lat' dir='ltr'>res</span> <span class='ocrx_word' id='word_1_293' title='bbox 363 3283 404 3348; x_wconf 90' lang='grc'>01</span> <span class='ocrx_word' id='word_1_294' title='bbox 426 3284 521 3350; x_wconf 83' lang='grc'>10010</span> <span class='ocrx_word' id='word_1_295' title='bbox 543 3283 716 3350; x_wconf 82' lang='lat' dir='ltr'>vivendum</span> <span class='ocrx_word' id='word_1_296' title='bbox 739 3282 878 3348; x_wconf 83' lang='lat' dir='ltr'>maxime</span> <span class='ocrx_word' id='word_1_297' title='bbox 900 3283 1101 3349; x_wconf 87' lang='lat' dir='ltr'>necessarias</span> <span class='ocrx_word' id='word_1_298' title='bbox 1125 3305 1199 3368; x_wconf 94' lang='lat' dir='ltr'>ape·</span> 
     </span>
     <span class='ocr_line' id='line_1_38' title="bbox 186 3370 1200 3458; baseline 0.003 -23"><span class='ocrx_word' id='word_1_299' title='bbox 186 3374 329 3435; x_wconf 89' lang='lat' dir='ltr'>ruerunt.</span> <span class='ocrx_word' id='word_1_300' title='bbox 374 3370 504 3438; x_wconf 88' lang='lat' dir='ltr'>Primus</span> <span class='ocrx_word' id='word_1_301' title='bbox 541 3372 626 3437; x_wconf 91' lang='lat' dir='ltr'>enim</span> <span class='ocrx_word' id='word_1_302' title='bbox 663 3375 715 3437; x_wconf 91' lang='grc'>001</span> <span class='ocrx_word' id='word_1_303' title='bbox 746 3370 785 3436; x_wconf 89' lang='grc'>10</span> <span class='ocrx_word' id='word_1_304' title='bbox 817 3371 1052 3436; x_wconf 88' lang='lat' dir='ltr'>contemnenda</span> <span class='ocrx_word' id='word_1_305' title='bbox 1083 3376 1200 3458; x_wconf 88' lang='lat' dir='ltr'>morte,</span> 
     </span>
     <span class='ocr_line' id='line_1_39' title="bbox 187 3458 1201 3546; baseline 0.006 -24"><span class='ocrx_word' id='word_1_306' title='bbox 187 3458 344 3526; x_wconf 88' lang='lat' dir='ltr'>secundus</span> <span class='ocrx_word' id='word_1_307' title='bbox 367 3460 406 3526; x_wconf 87' lang='grc'>10</span> <span class='ocrx_word' id='word_1_308' title='bbox 428 3461 598 3527; x_wconf 88' lang='lat' dir='ltr'>tolerando</span> <span class='ocrx_word' id='word_1_309' title='bbox 622 3459 743 3542; x_wconf 88' lang='lat' dir='ltr'>dolore,</span> <span class='ocrx_word' id='word_1_310' title='bbox 766 3459 804 3524; x_wconf 91' lang='lat' dir='ltr'>de</span> <span class='ocrx_word' id='word_1_311' title='bbox 828 3458 1030 3546; x_wconf 88' lang='lat' dir='ltr'>aegritudine</span> <span class='ocrx_word' id='word_1_312' title='bbox 1048 3459 1201 3530; x_wconf 86' lang='lat' dir='ltr'>lenienda</span> 
     </span>
     <span class='ocr_line' id='line_1_40' title="bbox 186 3546 1200 3634; baseline 0.004 -22"><span class='ocrx_word' id='word_1_313' title='bbox 186 3546 317 3633; x_wconf 86' lang='lat' dir='ltr'>tertius,</span> <span class='ocrx_word' id='word_1_314' title='bbox 349 3553 485 3633; x_wconf 88' lang='lat' dir='ltr'>quartus</span> <span class='ocrx_word' id='word_1_315' title='bbox 518 3550 557 3615; x_wconf 89' lang='lat' dir='ltr'>dc</span> <span class='ocrx_word' id='word_1_316' title='bbox 587 3547 722 3634; x_wconf 89' lang='lat' dir='ltr'>reliquis</span> <span class='ocrx_word' id='word_1_317' title='bbox 754 3547 856 3612; x_wconf 89' lang='lat' dir='ltr'>animi</span> <span class='ocrx_word' id='word_1_318' title='bbox 886 3548 1200 3634; x_wconf 86' lang='lat' dir='ltr'>perturbationibus,</span> 
     </span>
    </p>
   </div>
   <div class='ocr_carea' id='block_1_4' title="bbox 0 0 1330 3920">
    <p class='ocr_par' dir='ltr' id='par_1_5' title="bbox 0 0 1330 3920">
     <span class='ocr_line' id='line_1_41' title="bbox 0 0 1330 3920; baseline 0 0"><span class='ocrx_word' id='word_1_319' title='bbox 0 0 1330 3920; x_wconf 95' lang='lat' dir='ltr'> </span> 
     </span>
    </p>
   </div>
  </div>
 </body>
</html>
