2652 3908
168 203 211 266 48
474 200 523 256 DE
541 200 695 256 NATURA
712 199 867 258 DEORUM

168 349 202 413 et
234 347 330 413 otiosi
364 368 474 412 sumus
505 351 538 411 et
564 345 604 411 iis
633 346 672 411 de
698 346 796 411 rebus
824 347 966 433 agimus,
996 370 1079 433 quae
1103 353 1188 414 sunt
1314 346 1315 355 ’

127 435 268 548 2otiam
290 436 432 522 negotiis
456 434 708 519 anteponendas.

131 565 148 612 4
234 523 316 590 'lum
343 524 499 610 Lucilius:
531 521 581 588 Ne
611 544 705 609 egere
734 523 863 608 quidem
890 524 1032 609 videtur,
1060 525 1187 612 inquit,

167 614 314 679 oratione
331 613 438 698 prima
455 633 542 697 pars.
579 610 661 688 Quid
680 610 766 676 enim
784 615 895 697 potest
914 634 985 679 esse
1003 617 1073 679 tam
1088 637 1186 700 eper-

12 658 104 771 μ
166 709 238 767 tum
260 706 392 787 temque
413 700 629 787 perspicuum,
652 722 725 765 cum
744 700 869 766 caelum
887 702 1091 787 suspeximus
1110 720 1230 769 cae-s
1314 702 1315 785 ,

166 791 326 876 lestiaque
353 789 565 874 contemplati
593 810 718 872 sumus,
746 811 844 874 quam
872 810 943 855 esse
966 790 1099 876 aliquod
1122 814 1185 857 nu·
1314 798 1315 827 ³

166 902 241 945 men
276 877 577 964 praestantissimae
614 877 746 961 mentis,
784 899 847 962 quo
884 878 965 944 haec
995 882 1184 966 regantur?

166 968 259 1045 Quod
285 967 320 1031 ni
341 967 391 1031 ita
413 969 512 1050 esset,
541 965 596 1051 qui
618 965 781 1052 potuisset
803 965 942 1032 adsensu
965 968 1111 1033 omnium
1134 969 1185 1034 di·
1314 1018 1315 1061 ,

166 1078 238 1123 cere
260 1054 401 1120 Ennius:

231 1162 374 1265 dspice
410 1180 481 1245 hoc
514 1176 681 1247 sublime
713 1178 892 1263 candens,
930 1201 1039 1265 quem
1069 1178 1228 1247 iuro-1⁰
1314 1186 1315 1261 l

680 1269 767 1332 cant
791 1270 922 1332 omnes
944 1266 1088 1353 Iovem,

163 1413 258 1478 illum
282 1432 358 1476 vero
382 1413 415 1474 et
432 1407 544 1474 Iovem
567 1411 600 1472 et
624 1407 861 1473 dominatorem
883 1430 993 1474 rerum
1016 1414 1049 1475 et
1067 1411 1182 1476 omnia

163 1505 246 1567 nutu
268 1501 436 1586 regentem
459 1499 501 1581 et,
522 1499 561 1561 ut
582 1495 669 1561 idem
691 1496 825 1581 Ennius,

331 1627 482 1709 patrem
506 1621 711 1705 divumque
733 1619 1008 1706 hominumque

163 1772 198 1834 et
219 1768 423 1852 praesentem
447 1785 485 1829 ac
506 1764 753 1848 praepotentem
777 1761 894 1827 deum?
931 1760 1024 1838 Quod
1047 1763 1103 1848 qui
1122 1764 1180 1830 du·

163 1855 261 1938 bitet,
287 1853 375 1919 haud
398 1873 476 1917 sane
498 1850 669 1936 intellego,
699 1871 755 1915 cur
777 1872 843 1915 non
865 1850 965 1936 idem,
993 1851 1043 1918 sol
1067 1852 1111 1916 sit
1134 1875 1180 1918 an
1194 1871 1222 1913 ιε

128 1943 273 2009 snullus
304 1942 362 2026 sit,
394 1940 543 2005 dubitare
575 1937 688 2024 possit.
734 1935 796 2014 Qui
828 1939 913 2003 enim
945 1944 996 2004 est
1023 1940 1086 2006 hoc
1116 1941 1178 2007 illo

164 2030 365 2109 evidentius?
420 2026 512 2102 Quod
550 2026 614 2091 nisi
650 2026 818 2113 cognitum
854 2028 1176 2114 conprehensumque

163 2119 280 2186 animis
311 2118 518 2200 haberemus,
549 2137 616 2181 non
647 2119 716 2180 tam
749 2114 878 2180 stabilis
912 2116 1021 2202 opinio
1049 2139 1177 2203 perma-

144 2212 255 2274 neret
276 2228 336 2272 nec
358 2205 604 2271 confirmaretur
624 2204 838 2269 diuturnitate
857 2204 1014 2290 temporis
1031 2227 1092 2271 uec
1110 2230 1177 2271 una

163 2319 234 2363 oum
255 2294 370 2362 saeclis
389 2295 615 2378 aetatibusque
632 2293 801 2358 hominum
815 2292 990 2358 inveterari
1003 2294 1176 2380 potuisset.
1191 2313 1219 2353 so
1314 2296 1315 2299 ’

162 2385 295 2452 Etenim
321 2382 467 2448 videmus
495 2386 619 2448 ceteras
643 2381 811 2466 opiniones
834 2382 927 2447 fictas
951 2386 1049 2467 atque
1071 2405 1176 2449 ranas

163 2472 376 2538 diuturnitate
408 2471 601 2536 extabuisse.
652 2468 731 2544 Quis
759 2468 846 2534 enim
872 2469 1176 2556 Hippocentaurum

162 2562 263 2628 fuisse
286 2564 344 2625 aut
362 2558 568 2626 Chimaeram
590 2559 708 2643 putat?
732 2580 854 2642 quaeve
873 2580 954 2623 anus
972 2563 1042 2625 tam
1061 2581 1173 2626 excors

162 2649 301 2717 inveniri
324 2652 447 2734 potest,
472 2647 643 2732 quasilla,
668 2668 749 2730 quae
773 2647 936 2731 quondam
959 2649 1175 2714 credebantur

163 2740 249 2825 apud
279 2738 401 2804 inferos
427 2739 593 2823 portenta,
626 2734 837 2800 extimescat?
881 2735 1058 2821 opinionis
1087 2738 1174 2802 enim
1189 2757 1215 2796 as

163 2831 345 2909 commenta
368 2826 455 2891 delet
478 2824 559 2908 dice,
584 2826 720 2905 natiuae
743 2823 863 2889 iudicia
884 2818 1064 2890 confirmat.
1108 2822 1174 2891 Ita-

163 2937 224 3002 que
249 2916 286 2981 'et
314 2916 349 2979 in
374 2917 493 2979 nostro
512 2912 633 2997 populo
658 2916 691 2977 et
711 2910 748 2976 in
770 2913 886 2978 ceteris
909 2914 1043 2978 deorum
1066 2914 1172 2979 cultus

161 3003 420 3091 religionumque
452 3001 643 3066 sanctitates
676 3001 837 3066 exsistunt
866 3001 901 3066 in
934 3002 1001 3067 dies
1031 3003 1172 3068 maiores

127 3108 142 3157 o
162 3097 260 3177 atque
283 3091 442 3174 meliores,
465 3089 562 3174 idque
581 3088 688 3155 evenit
705 3110 772 3154 non
790 3093 912 3155 temere
929 3113 989 3157 nec
1007 3112 1093 3176 casu,
1116 3092 1173 3157 sed

162 3181 249 3266 quod
272 3183 305 3244 et
327 3182 515 3264 praesentes
538 3199 634 3263 saepe
658 3177 690 3242 di
717 3177 784 3242 vim
807 3200 900 3244 suam
924 3179 1103 3264 declarant,
1137 3183 1173 3246 ut
1187 3199 1213 3239 so

161 3273 194 3333 et
218 3267 303 3353 apud
321 3266 487 3353 Regillum
510 3266 597 3331 bello
616 3267 817 3350 Latinorum,
840 3289 913 3332 cum
932 3267 972 3333 A.
985 3267 1173 3334 Postumius

162 3359 301 3422 dictator
324 3376 397 3421 cum
416 3354 550 3421 Octavio
565 3355 711 3420 Mamilio
726 3355 910 3421 Tusculano
932 3356 1058 3441 proelio
1084 3354 1174 3422 dimi·

161 3447 262 3527 earet,
288 3443 324 3507 in
350 3447 465 3510 nostra
492 3444 559 3509 acie
583 3442 701 3510 Castor
728 3447 762 3507 et
784 3443 903 3508 Pollux
930 3467 969 3509 ex
998 3445 1089 3529 equis
1116 3468 1171 3531 pu·

161 3553 262 3618 gnare
286 3531 349 3597 visi
372 3536 461 3617 sunt,
489 3535 523 3597 et
545 3532 723 3598 recentiore
746 3531 902 3597 memoria
923 3533 1023 3598 iidem
1046 3533 1170 3618 Tynda·
