2654 3912
141 125 209 188 410
533 122 581 176 DE
600 121 755 177 LEGIBUS
857 173 859 176 Α

143 269 178 348 Q.
200 268 268 334 Eas
296 271 333 333 tu
360 267 462 354 igitur
488 267 578 354 leges
606 266 739 354 rogabis
762 265 928 351 videlicet,
958 287 1041 351 quae
1063 287 1156 332 num·

142 379 241 442 quam
264 354 472 442 abrogentur.
514 356 561 422 M.
579 353 683 440 Certe,
707 355 735 421 si
754 354 850 420 modo
869 358 1022 440 acceptae
1041 376 1061 420 a
1079 354 1155 420 duo

141 446 202 510 bus
229 444 324 510 vobis
347 449 451 510 erunt.
491 441 567 529 Sed,
594 447 632 510 nt
653 441 705 509 vir
728 441 934 509 doctissimus
956 441 1035 508 fecit
1057 440 1154 508 Plato

142 537 239 617 atque
267 532 353 598 idem
382 531 594 620 gravissimus
617 531 888 618 philosophorum
911 530 1069 616 omnium,
1098 530 1155 617 qui

140 623 290 707 princeps
314 621 353 686 de
375 643 411 687 re
433 621 566 707 publica
588 619 781 706 conscripsit
803 620 953 704 idemque
977 620 1186 705 separatime
1300 700 1301 703 Ἴ

141 711 180 774 de
212 710 341 796 legibus
372 710 455 794 eius,
485 709 519 773 id
546 709 628 774 mihi
655 709 749 774 credo
778 730 849 774 esse
875 706 1076 792 faciundum,
1107 712 1154 793 ut,

141 799 231 884 prius
255 820 353 883 quam
375 798 481 884 ipsam
504 798 612 883 legem
635 797 778 882 recitem,
801 797 840 862 de
864 797 932 862 eius
955 795 1039 883 legis
1058 796 1154 862 laude

142 887 255 953 dicam.
292 884 385 962 Quod
407 886 491 951 idem
517 889 553 951 et·
569 885 743 952 Zaleucum
762 882 800 951 et'
813 883 1020 967 Charondam
1037 883 1154 951 fecisse

140 975 250 1059 video,
278 995 376 1059 quom
404 973 534 1060 quidem
556 973 608 1038 illi
634 995 702 1040 non
731 972 831 1039 studii
858 977 891 1038 et
918 972 1154 1060 delectationis,

141 1063 197 1129 sed
225 1062 274 1128 rai
300 1062 450 1148 publicae
477 1084 575 1128 causa
602 1063 692 1149 leges
716 1060 904 1127 civitatibus
928 1062 995 1127 suis
1019 1061 1153 1147 scripse·
1171 1079 1199 1121 ιο

140 1154 226 1216 runt.
263 1148 351 1227 Quos
373 1150 522 1216 imitatus
539 1150 635 1216 Plato
658 1149 809 1216 videlicet
831 1150 894 1216 hoc
918 1172 1045 1236 quoque
1068 1151 1153 1237 legis

140 1239 270 1325 putavit
288 1261 367 1322 esse,
385 1239 580 1324 persuadere
598 1238 731 1324 aliquid,
747 1261 814 1304 non
833 1238 943 1305 omnia
956 1238 989 1304 vi
1004 1260 1042 1305 ac
1055 1239 1152 1304 minis

92 1340 265 1414 theogero.
302 1328 337 1410 Q.
360 1325 457 1412 Quid,
484 1327 571 1413 quod
593 1327 767 1393 Zaleucum
793 1326 894 1392 istum
920 1331 1022 1414 negat
1048 1327 1153 1392 ullum

141 1416 242 1483 fuisse
260 1414 434 1481 Timaeus?
466 1417 514 1482 M.
533 1416 580 1481 At
597 1419 645 1482 ait
661 1415 916 1502 Theophrastus,
934 1419 1048 1481 auctor
1066 1415 1154 1482 haud

140 1504 281 1571 deterior
310 1526 383 1570 mea
411 1505 541 1589 quidem
570 1504 732 1570 sententia
758 1500 942 1590 (meliorem
972 1503 1070 1569 multi
1097 1526 1153 1570 no·
1168 1523 1196 1564 ιε
1300 1566 1301 1571 ,

140 1591 296 1680 minant);
318 1596 574 1659 commemorant
597 1615 674 1658 vero
693 1592 796 1679 ipsius
815 1592 911 1677 cives,
932 1592 1039 1659 nostri
1057 1592 1153 1658 chen·

138 1687 198 1763 tes,
221 1680 325 1748 Locri.
367 1679 430 1747 Sed
453 1682 521 1747 sive
542 1681 607 1746 fuit
630 1682 698 1747 sive
720 1703 786 1747 non
808 1679 881 1766 fuit,
902 1679 986 1746 nihil
1010 1680 1051 1746 ad
1069 1703 1153 1767 rem;

138 1769 312 1854 loquimur,
335 1770 421 1854 quod
443 1770 601 1835 traditum
624 1773 682 1835 est.

101 1860 121 1926 7
208 1856 258 1923 Sit
280 1857 382 1945 igitur
404 1858 467 1924 hoc
489 1858 555 1923 iam
579 1882 599 1924 a
621 1857 780 1944 principio
802 1879 995 1944 persuasum
1018 1857 1152 1942 civibus,

143 1947 289 2013 dominos
322 1968 392 2012 esse
424 1947 569 2012 omnium
600 1969 708 2012 rerum
741 1969 779 2013 aa
811 1946 1033 2012 moderatores
1067 1946 1152 2032 deos,
1166 1966 1194 2007 ao

140 2057 256 2120 eaque,
283 2057 365 2121 qnae
388 2039 558 2122 gerantur,
581 2057 692 2101 eorum
717 2034 787 2122 geri
808 2033 927 2100 iudicio
951 2056 989 2103 ac
1010 2035 1152 2119 numine,

140 2124 333 2208 eosdemque
348 2124 472 2209 optime
486 2123 525 2189 de
539 2145 656 2209 genere
669 2123 840 2188 hominum
854 2124 970 2188 mereri
984 2126 1026 2209 et,
1045 2123 1152 2210 qualis

34 2244 42 2329 q
141 2213 277 2298 quisque
297 2211 349 2296 sit,
369 2212 446 2296 quid
465 2215 551 2298 agat,
571 2211 648 2297 quid
666 2210 701 2276 in
719 2233 754 2276 se
773 2211 936 2296 admittat,
956 2234 1019 2297 qua
1035 2216 1153 2298 mente,

141 2322 205 2386 qua
227 2299 350 2385 pietate
374 2300 461 2366 colat
484 2299 668 2386 religiones,
690 2300 810 2364 intueri
831 2298 1024 2386 piorumque
1043 2304 1076 2366 et
1094 2301 1152 2366 im·

91 2402 122 2452 16
140 2388 269 2474 piorum
287 2387 408 2453 habere
425 2388 601 2473 rationem,
623 2388 675 2453 his
694 2388 780 2453 enim
797 2389 895 2453 rebus
913 2389 1047 2455 inbutae
1065 2411 1152 2455 men·
1165 2407 1193 2450 ar

141 2484 190 2544 tes
218 2476 307 2542 haud
334 2498 411 2542 sane
439 2477 661 2542 abhorrebunt
689 2477 730 2542 ab
757 2475 833 2542 utili
861 2479 918 2542 aut
941 2498 961 2543 a
983 2500 1061 2544 vera
1083 2499 1152 2543 sen·
1300 2476 1301 2511 ³

96 2583 113 2635 s
140 2566 252 2632 tentia.
303 2563 387 2642 Quid
418 2569 469 2631 est
501 2565 586 2631 enim
618 2565 725 2631 verius
758 2588 856 2651 quam
887 2565 1049 2631 neminem
1081 2587 1152 2632 esse

91 2644 98 2777 ἑ
315 2654 869 2808 “allinchusun
885 2674 922 2807 s
939 2654 1100 2808 neu
1114 2659 1152 2810 e

92 2792 101 2887 l
142 2835 199 2896 aut
220 2766 434 2917 upreapuquae
457 2831 512 2896 vix
535 2766 666 2896 'sumnid
685 2830 808 2917 ingenii
825 2764 946 2896 rodicho
963 2765 1151 2915 ehmpirldheen·
1165 2849 1192 2891 ao

139 2922 265 2999 dantur,
287 2920 377 2986 nollo
398 2920 526 2985 ratione
547 2919 671 2985 moveri
688 2919 804 3004 putet?
832 2917 935 2995 Quem
952 2941 1029 2986 vero
1049 2923 1152 2987 astro·

140 3031 213 3073 rum
237 3007 379 3092 ordines,
407 3029 504 3093 quem
526 3007 651 3073 dierum
672 3007 882 3092 noctiumque
903 3007 1152 3094 vicissitudines,

141 3118 237 3181 quern
261 3118 408 3161 mensum
431 3096 626 3182 temperatio
650 3118 809 3182 quemque
833 3117 885 3181 ea,
908 3118 990 3181 quae
1014 3096 1156 3183 gignun

140 3188 195 3249 tur
212 3184 308 3250 nobis
327 3185 368 3249 ad
386 3184 566 3268 fruendum,
588 3207 655 3250 non
673 3189 805 3271 gratum
823 3205 894 3250 esse
912 3188 1044 3271 cogunt,
1065 3185 1152 3251 hunc

140 3271 305 3337 hominem
320 3271 452 3337 omnino
466 3272 631 3337 numerari
646 3272 701 3358 qui
715 3273 827 3338 decet?
851 3270 1019 3358 Quomque
1033 3274 1151 3358 omnia,
1165 3290 1191 3332 ⁸⁶

141 3381 224 3445 quae
242 3361 403 3425 rationem
421 3358 553 3444 habent,
573 3364 742 3445 praestent
759 3359 810 3445 iis,
829 3361 996 3445 quaesint
1013 3361 1151 3427 rationis

140 3448 295 3532 expertia,
317 3446 473 3532 nefasque
496 3447 541 3513 sit
564 3448 668 3513 dicere
690 3448 794 3513 ullam
816 3470 885 3513 rem
907 3452 1075 3534 praestare
1090 3471 1152 3515 na·
