2652 3908
210 182 254 245 64
515 181 565 235 DE
584 180 739 236 NATURA
756 181 910 237 DEORUM

209 324 287 410 dici,
313 328 385 391 tum
406 346 551 392 recessus
575 329 608 392 ct
629 324 763 412 frigoris
787 329 821 391 et
843 325 961 391 caloris
985 324 1119 392 modum
1141 329 1228 393 tem·

209 415 340 498 perant3
363 412 550 480 circumitus
573 413 659 480 enim
682 412 762 479 solis
785 414 914 479 orbium
936 432 960 481 v
983 418 1016 480 et
1038 432 1084 480 Lx
1104 417 1138 480 et
1160 431 1227 483 ccc

210 505 328 586 quarta
349 499 417 568 fere
440 501 503 568 diei
525 506 621 589 parte
644 501 755 569 addita
776 502 1021 569 conversionem
1044 502 1228 569 conficiumt

210 611 360 675 annuam,
382 588 550 657 inflectens
573 594 683 657 autem
707 591 756 656 sol
780 610 910 657 cursum
933 595 1004 656 tum
1027 591 1069 656 ad
1092 596 1228 678 septen·

209 678 345 762 triones,
377 681 449 745 tum
476 678 518 745 ad
543 678 711 745 meridiem
739 682 882 745 aestates
910 683 944 745 et
970 678 1094 746 hiemes
1119 679 1227 746 efficit
1250 697 1261 738 ⁶
1305 674 1306 749 i

210 770 243 831 et
265 788 305 833 ea
328 766 391 832 duo
414 771 572 853 tempora,
595 788 733 852 quorum
756 768 897 834 alterum
919 767 1019 834 hiemi
1037 767 1226 834 senescenti

208 854 396 921 adiunctum
419 858 479 940 est,
501 856 641 921 alterum
665 855 792 921 aestati.
833 854 887 922 Ita
909 877 949 923 ex
967 860 1123 944 quattuor
1138 861 1224 922 tem·

208 965 325 1029 porum
348 942 584 1009 mutationibus
607 944 762 1029 omnium,
785 965 867 1029 quae
889 948 979 1010 terra
1001 945 1151 1030 marique
1175 945 1224 1032 gi·
1305 1002 1306 1035 q

156 1041 190 1094 oo
209 1034 362 1119 gnuntur,
384 1031 479 1097 initia
501 1052 679 1117 causaeque
698 1032 866 1099 ducuntur.
902 1032 974 1098 Iam
992 1033 1072 1099 solis
1090 1055 1222 1100 annuos

208 1141 321 1186 cursus
351 1119 467 1205 spatiis
497 1120 672 1186 menstruis
700 1121 779 1186 luna
806 1121 1026 1207 consequitur,
1053 1121 1145 1188 cuius
1174 1126 1222 1188 te·
1235 1140 1259 1180 1⁰

206 1208 401 1273 nuissimum
428 1209 538 1274 lumen
564 1208 645 1275 facit
670 1209 837 1295 proximus
865 1231 1013 1276 accessus
1040 1210 1083 1276 ad
1104 1211 1221 1296 solem,
1305 1236 1306 1245 ¹

208 1297 373 1384 digressus
386 1300 496 1364 autem
509 1296 720 1384 longissimus
735 1298 870 1383 quisque
885 1299 1121 1384 plenissimum.
1154 1297 1220 1365 Ne·
1305 1306 1306 1353 i

208 1406 271 1470 que
300 1386 406 1452 solum
436 1385 505 1451 eius
535 1386 658 1471 species
688 1408 726 1452 ac
754 1385 862 1453 forma
888 1390 1035 1453 mutatur
1057 1391 1128 1455 tum
1152 1410 1221 1454 cre·

208 1472 334 1560 scendo,
355 1476 427 1540 tum
451 1473 629 1541 defectibus
650 1473 686 1539 in
703 1474 799 1541 initia
816 1474 1017 1560 recurrendo,
1041 1476 1220 1542 sedetiam
1305 1512 1306 1559 q

207 1562 314 1650 regio,
344 1584 427 1649 quae
455 1566 525 1628 tum
549 1566 601 1628 est
627 1563 805 1648 aquilonia,
834 1568 905 1628 tum
928 1564 1091 1630 australis.
1137 1566 1220 1630 Inde
1234 1583 1258 1623 1⁵
1305 1568 1306 1619 i

207 1651 242 1717 in
271 1652 368 1717 lunae
400 1673 527 1737 quoque
559 1673 654 1716 cursu
683 1656 734 1717 cst
765 1656 799 1718 et
829 1652 964 1718 brumae
996 1653 1157 1738 quaedam
1184 1657 1219 1719 et
1305 1682 1306 1685 ¹

207 1739 343 1805 solstitii
365 1738 554 1824 similitudo,
576 1739 744 1824 multaque
767 1740 809 1806 ab
832 1762 871 1806 ea
893 1744 1028 1806 manant
1050 1745 1084 1806 et
1101 1741 1219 1826 fluunt,

208 1828 325 1913 quibus
355 1831 389 1894 ct
418 1827 601 1894 animantes
631 1830 761 1894 alantur
790 1834 1029 1916 augescantque
1057 1834 1091 1895 ct
1117 1831 1217 1916 pube·

208 1920 299 1982 scant
331 1916 617 2001 maturitatemque
647 1916 878 2003 adsequantur,
911 1939 993 2005 quae
1019 1917 1169 1984 oriuntur
1197 1941 1216 1985 e

207 2011 304 2071 terra
313 1988 499 2103 [Maxume
526 2026 603 2070 vero
631 2009 708 2070 sunt
734 2005 942 2073 admirabiles
970 2009 1080 2073 motus
1103 2028 1216 2072 earum
1229 2025 1257 2066 sc

207 2092 348 2178 quinque
365 2092 546 2178 stellarum,
568 2114 650 2178 quae
664 2092 749 2160 falso
763 2097 921 2161 vocentur
935 2099 1089 2162 errantes
1121 2095 1215 2162 Nihil

207 2182 293 2248 enim
320 2184 421 2266 errat,
449 2181 535 2268 quod
561 2181 597 2247 in
619 2181 708 2249 omni
731 2182 924 2249 aeternitate
947 2187 1120 2250 conservat
1142 2206 1216 2269 pro·

207 2291 338 2423 grssessus
353 2273 400 2435 det
425 2291 594 2426 Regressi?
616 2271 822 2425 inquiiiiie
845 2275 961 2425 motlrlriss
977 2273 1157 2425 ciniianffis
1181 2276 1216 2338 et

207 2379 307 2425 raos.
382 2380 424 2424 uo
469 2380 565 2425 coes
604 2381 730 2425 amna
778 2380 887 2426 1usm
984 2381 1034 2425 se
1075 2383 1091 2425 s
1154 2383 1213 2427 uas

207 2446 352 2530 dicimus,
376 2446 452 2532 quia
473 2450 545 2513 tum
563 2448 776 2532 occultantur,
798 2452 869 2514 tum
887 2469 1000 2515 rursus
1014 2383 1210 2537 aperiuritur,
1225 2466 1251 2510 as

206 2539 277 2602 tum
295 2534 424 2620 adeunt,
442 2539 513 2601 tum
531 2536 694 2622 recedunt,
710 2540 782 2602 tum
799 2536 1001 2621 antecedunt,
1018 2542 1089 2603 tum
1103 2541 1212 2604 autem
1306 2544 1307 2585 ³

206 2623 455 2709 subsequuntur,
473 2628 544 2691 tum
558 2625 693 2690 celerius
707 2628 887 2709 moventur,
904 2628 976 2693 tum
988 2625 1124 2710 tardius,
1142 2630 1212 2693 tum

206 2711 338 2780 omnino
355 2734 396 2779 ne
419 2717 591 2778 moventur
608 2712 747 2799 quidem,
769 2713 826 2779 sed
844 2713 886 2779 ad
904 2713 1067 2799 quoddam
1084 2719 1211 2802 tempus

205 2799 560 2907 insistunfflQuarum
579 2823 617 2867 ex
637 2801 820 2887 disparibus
839 2801 1039 2868 motionibus
1057 2823 1211 2890 magnum

206 2912 326 2957 annum
353 2889 577 2956 mathematici
602 2890 864 2976 nominaverunt,
893 2891 1042 2976 quitum
1065 2892 1250 2978 efficitur‚⁸⁰

206 3000 280 3045 cum
307 2978 387 3045 solis
415 2982 448 3043 et
474 2978 570 3043 lunae
593 2982 626 3044 et
649 2979 790 3065 quinque
813 2979 991 3055 errantium
1014 2980 1057 3046 ad
1078 2981 1210 3046 eandem

205 3065 292 3133 inter
318 3087 354 3132 se
376 3067 654 3152 comparationem
676 3067 832 3134 confectis
855 3068 1000 3134 omnium
1023 3069 1140 3155 spatiis
1162 3074 1210 3135 est

152 3164 186 3217 or
204 3154 293 3222 facta
314 3153 492 3221 conversio.
536 3152 625 3232 Quae
648 3178 746 3241 quam
767 3156 869 3242 longa
892 3157 948 3242 sit,
975 3178 1096 3245 magna
1118 3179 1209 3244 quae

205 3243 270 3309 stio
303 3246 366 3327 est,
398 3262 468 3309 esse
495 3264 572 3310 vcro
600 3247 723 3310 certam
750 3249 784 3311 et
811 3245 978 3311 definitam
999 3267 1131 3313 necesse
1153 3250 1208 3313 est.

204 3329 291 3396 Nam
323 3351 375 3415 ea,
406 3351 488 3415 quae
516 3328 649 3399 Saturni
682 3332 779 3399 stella
811 3332 929 3399 dicitur
959 3337 1160 3421 malcusque
1189 3350 1248 3401 ass

205 3415 337 3484 Graecis
372 3418 572 3504 nominatur,
610 3442 692 3505 quae
730 3443 751 3487 a
781 3424 870 3487 terra
901 3422 996 3489 abest
1026 3421 1207 3510 plurimum,

204 3523 278 3572 xxx
308 3504 375 3572 fere
405 3507 498 3573 annis
527 3529 657 3575 cursum
681 3531 776 3574 suum
798 3510 941 3592 conficit,
971 3510 1093 3596 inquo
1116 3533 1208 3579 cursu

154 1975 198 2103 d
