2652 3908
416 216 483 270 ΜΒ.
502 218 523 272 1.
550 217 625 272 cnr.
645 223 724 272 a-a.
748 223 860 283 sr-e.
1077 215 1139 280 147

133 360 283 447 princeps
307 360 377 425 eius
399 359 602 446 disciplinae,
627 359 794 426 Posidonii
816 360 943 444 doctor,
966 358 1142 447 discipulus

134 448 313 534 Antipatri,
332 449 549 535 degeneravit,
567 448 752 533 Panaetius,
770 470 829 515 nec
847 453 958 514 tamen
974 471 1072 515 ausus
1092 453 1142 517 est

133 559 253 624 negare
271 537 339 602 vim
357 558 427 603 esse
446 537 619 622 divinandi,
638 536 695 603 sed
713 537 861 603 dubitare
873 558 910 603 se
924 537 1015 603 dixit.
1050 537 1142 614 Quod
1258 566 1262 580 ¹

134 626 185 690 illi
212 624 248 690 in
275 625 385 710 aliqua
407 647 442 691 re
464 626 680 691 invitissumis
703 622 820 691 Stoicis
844 622 953 692 Stoico
975 625 1081 693 facere
1104 626 1143 691 li·
1186 706 1193 710 ,

108 715 215 799 scut,
242 713 275 779 id
301 735 362 779 nos
389 717 427 779 ut
449 712 485 779 in
507 715 642 798 reliquis
664 713 760 780 rebus
783 714 953 798 faciamus,
980 737 1001 781 a
1023 711 1143 780 Stoicis

133 824 200 868 non
222 802 436 868 concedetur?
459 804 652 888 praesertim
675 822 748 868 oum
769 802 813 886 id,
835 802 874 867 de
897 824 961 887 quo
983 802 1141 869 Panaetio

133 897 201 957 non
221 890 340 976 liquet,
362 891 499 976 reliquis
521 891 664 957 eiusdem
687 891 876 976 disciplinae
900 890 980 957 solis
1003 891 1074 958 luce
1097 891 1142 957 ri·

135 980 249 1050 deutur
284 979 412 1045 clarius.
466 977 529 1044 Sed
564 981 644 1046 haec
681 979 811 1065 quidem
842 979 915 1045 laus
947 979 1175 1046 Academiae?

134 1068 417 1154 praestantissumi
447 1068 634 1155 philosophi
660 1067 778 1134 iudicio
802 1071 835 1133 et
857 1067 1045 1134 testimonio
1061 1089 1142 1135 con·

97 1177 122 1216 ro
134 1157 274 1242 probata
309 1161 369 1222 est.
417 1155 549 1223 Etenim
584 1157 748 1222 nobismet
783 1155 863 1242 ipsis
900 1155 1182 1241 quaerentibus,4

135 1245 212 1330 quid
234 1246 279 1310 sit
301 1245 339 1311 de
363 1244 561 1311 divinatione
584 1245 799 1328 iudicandum,
823 1244 909 1330 quod
932 1267 953 1311 a
975 1243 1141 1311 Carneade

135 1334 240 1400 multa
264 1336 362 1399 acuta
380 1337 414 1399 et
437 1333 566 1419 copiosa
589 1338 703 1400 contra
725 1330 851 1399 Stoicos
877 1334 1043 1418 disputata
1066 1334 1141 1418 sint,

133 1423 397 1507 verentibusque,
418 1444 458 1487 ne
481 1426 603 1487 temere
625 1422 803 1488 velfalsae
826 1421 873 1487 rei
895 1423 947 1487 vel
970 1444 1036 1488 non
1059 1422 1140 1488 satis

135 1511 284 1598 cognitae
303 1511 532 1594 adsentiamur,
554 1509 736 1576 faciendum
755 1510 891 1594 videtur,
911 1513 949 1575 ut
968 1511 1141 1597 diligenter

95 1621 121 1661 rs
135 1601 235 1666 etiam
263 1604 360 1685 atqua
388 1600 486 1665 etiam
515 1603 709 1686 argumenta
736 1621 808 1664 curn
833 1599 1034 1684 argumentis
1058 1621 1142 1666 oom-

134 1710 300 1774 paremus,
323 1692 360 1753 ut
382 1687 517 1754 fecimus
539 1689 575 1753 in
596 1687 637 1752 iis
659 1688 766 1753 tribus
790 1687 897 1769 libris,
921 1698 1003 1772 quos
1025 1688 1064 1753 de
1087 1710 1142 1753 na·

134 1782 210 1842 tura
232 1776 365 1841 deorum
388 1776 584 1862 scripsimus.
626 1774 712 1842 Nam
730 1798 803 1841 cum
822 1776 973 1841 omnibus
992 1777 1027 1842 in
1044 1776 1142 1842 rebus

135 1866 303 1931 temeritas
326 1865 361 1930 in
383 1865 592 1931 adsentiendo
616 1887 770 1949 errorque
793 1864 898 1950 turpis
922 1868 986 1948 est,
1015 1867 1086 1930 tum
1108 1865 1143 1930 in

136 1956 175 2019 eo
206 1954 279 2019 loco
310 1954 462 2037 maxime,
493 1954 528 2019 in
561 1976 624 2039 quo
656 1953 862 2019 iudicandum
889 1956 952 2036 est,
985 1957 1142 2037 quantum

96 2063 122 2103 ao
136 2043 288 2128 auspiciis
310 2043 470 2127 rebusque
493 2041 611 2108 diuinis
633 2043 848 2128 religionique
872 2041 1069 2124 tribuamus3
1092 2044 1142 2106 est

136 2131 222 2196 enim
243 2131 431 2216 periculum,
453 2152 494 2195 ne
517 2134 574 2195 aut
594 2131 753 2216 neglectis
776 2130 817 2194 iis
835 2129 936 2215 impia
953 2129 1066 2196 fraude
1085 2133 1142 2195 aut

135 2220 292 2305 susceptis
316 2220 395 2284 anili
418 2218 648 2305 superstitione
672 2219 863 2305 obligemur.

201 2307 325 2385 Quibus
348 2308 387 2373 de
410 2309 506 2373 rebus
525 2310 559 2372 et
577 2307 658 2372 alias
677 2329 775 2408 saepe
792 2309 825 2371 et
842 2306 941 2392 paulo
960 2306 1141 2408 accuratius
1161 2341 1177 2389 8

96 2394 1142 2568 ..lntultntnlttlttitltltttttntt

135 2595 207 2639 mus
231 2571 279 2660 (id
301 2574 387 2652 enirn
406 2572 565 2659 superiori
584 2572 752 2659 gymnasio
770 2593 890 2639 nomen
909 2569 982 2658 est),
1003 2571 1142 2658 Perlegi,

137 2661 220 2742 [ille]
243 2661 358 2746 inquit,
381 2665 474 2726 tuum
496 2662 594 2745 paulo
618 2665 693 2725 ante
716 2660 849 2726 tertium
873 2659 912 2725 de
934 2664 1052 2725 natura
1070 2661 1142 2726 deo·

135 2771 218 2832 rum,
240 2749 275 2813 in
298 2771 361 2834 quo
385 2749 563 2835 disputatio
579 2746 695 2814 Cottas
717 2771 913 2834 quamquam
932 2748 1142 2814 labefactavit

136 2838 333 2903 sententiam
347 2859 461 2921 meam,
475 2859 541 2902 non
554 2836 700 2903 funditus
714 2840 825 2902 tamen
838 2836 981 2903 sustulit.
1012 2835 1142 2922 Optime

95 2945 122 2986 so
136 2948 227 3010 vero,
263 2925 410 3011 inquam3
447 2926 567 2991 etenim
602 2925 672 3011 ipse
704 2924 802 2991 Cotta
837 2925 884 2991 sic
915 2925 1074 3011 disputat,
1106 2929 1143 2991 ut

137 3013 321 3081 Stoicorum
344 3014 448 3102 magis
472 3017 665 3101 argumenta
687 3014 832 3080 confutet
854 3036 952 3099 quam
974 3014 1142 3081 hominum

137 3104 244 3170 deleat
261 3104 320 3170 reli
348 3104 460 3169 'onem
492 3102 575 3168 Turn
590 3101 741 3178 Quintus:
760 3102 888 3169 Dicitur
905 3102 1036 3187 quidam
1049 3103 1142 3187 istuc,

135 3191 256 3278 inquit,
279 3215 299 3257 a
322 3125 430 3276 dona,
453 3194 486 3256 et
507 3213 585 3257 vero
608 3191 747 3277 saepius,
769 3192 873 3275 credo,
894 3211 936 3257 ne
959 3192 1143 3258 communia

27 3344 29 3349 ,
135 3280 208 3347 iura
230 3281 373 3368 migrare
394 3280 558 3364 uideatur,
584 3280 640 3346 sed
663 3280 770 3347 studio
793 3284 908 3346 contra
930 3276 1057 3347 Stoicos
1080 3280 1142 3346 dis·

96 3370 264 3435 asserendi
290 3370 367 3436 deos
394 3369 476 3434 mihi
502 3368 630 3435 videtur
651 3368 797 3435 funditus
820 3368 945 3434 tollere.
990 3367 1070 3437 Illius
1092 3382 1176 3434 raa

135 3457 217 3523 tioni
240 3480 306 3524 non
328 3480 405 3524 sane
427 3457 573 3524 desidero
597 3456 674 3543 quid
696 3456 923 3542 respondeam3
949 3457 1031 3522 satis
1055 3457 1141 3523 enim

135 3546 267 3613 defensa
293 3547 411 3635 religio
438 3551 489 3613 est
514 3547 550 3613 in
571 3546 710 3613 secundo
734 3547 818 3612 libro
842 3568 863 3612 a
883 3543 1022 3629 Lucilio,
1052 3544 1141 3610 cuius

875 3647 928 3703 10*
