2654 3912
158 219 225 283 446
555 219 602 272 DE
621 219 776 274 LEGIBUS

159 364 265 449 plebi
288 364 414 430 libera
436 368 560 429 sunto.
601 362 690 440 Quae
711 365 763 429 lex
781 365 865 431 hane
884 365 1080 430 seutentiam
1097 387 1172 431 eone

160 456 256 537 tinet,
279 457 317 518 ut
339 474 451 518 omnes
467 453 564 538 teges
588 454 700 536 tollat,
728 475 811 537 quae
834 458 950 538 postea
973 454 1061 519 latae
1084 457 1193 541 sunt,-

160 563 242 625 quao
270 545 386 627 tegunt
414 541 503 606 omni
526 536 653 606 ratione
676 541 881 628 suffragium,
910 564 951 606 ue
975 543 1047 627 quis
1070 542 1170 626 inspi-

160 630 226 696 eiat
248 630 415 714 tabellam,
437 650 478 693 ue
496 633 600 715 roget,
622 651 663 694 ne
683 631 840 714 appellet3
862 635 979 715 pontes
998 630 1098 695 etiam
1116 631 1170 694 lex

108 735 141 784 39
160 718 265 784 Maria
293 718 372 783 feeit
399 721 566 804 angustos.
612 716 701 793 Quae
729 718 757 783 si
785 720 937 803 opposita
965 724 1041 784 sunt
1068 719 1199 784 ambi-a

159 806 267 891 tiosis,
294 810 331 872 ut
354 811 431 871 sunt
452 806 533 890 fere,
562 828 628 871 non
650 806 864 891 reprehendo,
895 808 946 872 sin
968 807 1169 891 'svaluerint

160 899 270 960 tamen
292 895 382 982 leges
404 898 504 959 utne
528 894 590 958 sim
614 896 765 979 ambitus,
788 895 909 960 habeat
932 918 1009 960 sane
1027 896 1169 981 populus

159 984 317 1049 tabellam
348 983 440 1067 quasi
472 982 630 1048 vindicem
659 984 835 1068 libertatis,
865 984 942 1049 dum
969 986 1065 1049 modo
1088 984 1167 1049 haee

160 1073 285 1157 optimo
308 1072 422 1155 cuique
445 1075 479 1136 et
502 1071 695 1157 gravissimo
719 1072 781 1137 aivi
804 1073 995 1137 ostendatur
1016 1074 1168 1156 ultroque

161 1162 328 1243 offeratur,
355 1164 393 1224 ut
420 1160 454 1224 in
482 1181 520 1224 eo
548 1160 592 1223 sit
618 1161 690 1244 ipso
720 1160 869 1245 libertaS,
897 1162 931 1225 in
959 1183 1022 1245 quo
1045 1162 1168 1246 populo
1184 1178 1213 1219 ιο

160 1252 307 1334 potestas
326 1248 461 1314 honeste
480 1248 574 1312 bonis
594 1249 798 1334 gratificandi
817 1250 921 1314 datur.
952 1249 1066 1334 quue
1083 1271 1169 1314 nuno

160 1339 199 1403 fit
220 1337 311 1420 illud,
335 1336 420 1421 quod
443 1360 463 1401 a
485 1340 519 1400 te
543 1338 648 1421 modo,
672 1336 799 1421 Quinte,
822 1338 943 1403 dietum
969 1341 1028 1421 est,
1051 1341 1088 1402 ut
1110 1339 1168 1401 miss

159 1447 220 1492 nus
240 1427 360 1491 multos
379 1425 503 1490 tabella
521 1425 721 1511 condemnet,
739 1448 837 1510 quam
856 1427 984 1490 solebat
1002 1448 1074 1509 vox,
1092 1426 1168 1510 quia

160 1515 281 1602 populo
304 1514 400 1579 lieere
424 1514 504 1578 satis
528 1517 586 1578 est.
627 1513 698 1579 Hoe
721 1518 848 1579 retento
871 1515 997 1599 reliqua
1014 1515 1166 1580 voluntas

161 1603 348 1669 auctoritati
376 1606 434 1667 aut
461 1602 587 1688 gratiae
610 1603 759 1668 traditur.
804 1602 934 1687 Itaque,
956 1607 993 1668 ut
1015 1603 1167 1668 omittam
1183 1621 1210 1661 n

160 1692 334 1778 largitione
367 1694 521 1775 corrupta
550 1690 717 1776 suffragia,
750 1712 816 1756 uon
846 1691 951 1775 vides,
983 1693 1011 1756 si
1039 1692 1167 1776 quando

160 1781 303 1847 ambitus
327 1780 435 1863 sileat,
464 1779 575 1864 quaeri
602 1779 637 1843 in
659 1779 837 1865 suffragiu,
866 1780 943 1863 quid
966 1780 1083 1864 optimi
1105 1780 1168 1844 viri

160 1868 325 1936 sentiant?
362 1866 467 1943 Quam
490 1867 531 1932 ob
551 1889 619 1931 rem
639 1868 711 1954 lege
729 1872 844 1933 nostra
861 1868 1167 1953 libertatis‘speoies

161 1959 265 2042 datur,
284 1955 461 2022 auotoritas
480 1957 639 2022 bonorum
653 1956 820 2040 retinetur,
839 1957 1054 2022 contentionis
1070 1978 1167 2022 eausa

108 2108 149 2172 18
159 2048 350 2199 tollfflffle
371 2133 517 2216 sequitur
550 2134 666 2218 quibus
685 2134 736 2198 ius
755 2135 799 2198 sit
817 2156 890 2199 eum
909 2135 1030 2219 populo
1050 2134 1167 2220 agendi
1181 2065 1209 2103 2⁰

107 2187 141 2235 40
160 2228 217 2289 aut
240 2245 312 2288 oum
336 2225 464 2305 senatu,
488 2185 553 2286 tubo
576 2223 686 2308 gravis
705 2226 746 2306 et,
769 2227 806 2286 ut
825 2223 976 2306 arbitror,
998 2223 1167 2307 praeclara

160 2312 225 2376 lex:
254 2311 338 2392 Quae
364 2330 433 2374 oum
455 2311 570 2391 porario
594 2331 765 2394 quaeque
788 2310 827 2374 in
849 2311 1030 2394 patribus
1054 2332 1167 2396 agen-

158 2404 235 2483 tur,
267 2398 416 2463 modiea
444 2401 571 2482 sunto,
602 2398 636 2462 id
663 2402 714 2462 est
740 2399 888 2464 modesta
916 2402 1013 2482 atque
1041 2399 1166 2482 sedata3

159 2492 250 2554 actor
273 2486 359 2552 enim
382 2486 568 2551 moderatur
591 2490 624 2551 et
646 2487 742 2573 fingit
764 2509 829 2551 non
853 2488 949 2552 modo
968 2491 1109 2552 mentem
1129 2510 1166 2552 ao
1180 2504 1207 2546 2⁵

158 2578 360 2659 voluntates,
388 2575 444 2640 sed
466 2597 569 2659 paene
592 2576 702 2640 vultus
725 2597 849 2659 eorum,
873 2575 958 2660 apud
982 2598 1062 2660 quos
1087 2577 1165 2662 agit.

159 2664 252 2742 Quod
270 2664 373 2729 estin
392 2667 507 2729 senatu
525 2685 591 2728 non
609 2663 750 2747 difficile,
772 2667 823 2728 est
841 2664 927 2728 enim
945 2664 1015 2748 ipse
1035 2668 1180 2748 senator·

158 2754 196 2838 is,
215 2753 305 2819 euius
323 2772 389 2818 non
407 2754 449 2817 ad
463 2756 627 2817 auctorem
641 2752 801 2816 referatur
814 2752 950 2836 animuS,
969 2752 1025 2817 sed
1039 2754 1095 2837 qui
1108 2775 1167 2837 per

159 2865 194 2909 se
216 2843 286 2927 ipso
309 2841 450 2926 spectari
472 2841 562 2906 velit.
597 2839 683 2905 Huie
704 2840 794 2905 iussa
816 2840 882 2904 tria
899 2844 989 2906 sunt:
1011 2845 1049 2906 ut
1067 2841 1167 2925 adsit,

158 2953 234 2996 uam
263 2929 458 3018 gravitatem
482 2951 533 2994 res
556 2928 669 3013 habet,
699 2950 797 3013 quom
824 2928 975 3013 frequens
999 2930 1078 2994 ordo
1101 2935 1166 3014 est,
1180 2946 1208 2987 ao

159 3024 196 3085 ut
214 3019 286 3085 loeo
305 3018 400 3102 dieat,
418 3018 452 3083 id
470 3022 521 3082 est
539 3021 688 3103 rogatus,
706 3022 744 3082 ut
760 3017 866 3101 mod0,
884 3039 926 3082 ne
945 3018 989 3082 sit
1006 3017 1166 3103 infinitus,

158 3130 235 3173 uam
264 3107 408 3172 brevitas
435 3128 501 3172 non
528 3107 623 3171 modo
651 3106 824 3190 senatoris,
855 3106 911 3170 sed
938 3106 1037 3170 etiam
1060 3110 1166 3172 orato·

158 3197 204 3261 ris
236 3217 356 3281 magna
383 3196 456 3260 laus
483 3199 534 3260 est
560 3194 595 3258 in
622 3194 791 3260 sententia.
837 3193 906 3260 Neo
934 3199 984 3259 est
1010 3195 1184 3279 umquam

158 3286 258 3370 longa
292 3282 439 3349 oratione
472 3282 640 3367 utendum,
673 3283 737 3348 nisi
773 3286 830 3348 aut
864 3286 1018 3368 peoeante
1050 3288 1165 3348 senatu

159 3371 259 3457 (quod
277 3371 316 3435 fit
334 3371 511 3436 ambitione
530 3370 733 3459 saepissime)
752 3373 843 3437 nullo
863 3371 1059 3458 magistratu
1079 3371 1165 3437 adiu·
1180 3388 1207 3428 ³5

159 3463 255 3524 vante
278 3459 352 3523 tolli
375 3458 461 3524 diem
483 3458 565 3523 utile
588 3464 647 3543 est,
670 3464 728 3524 aut
750 3482 849 3544 quom
869 3464 964 3524 tanta
986 3481 1083 3525 eausa
1106 3463 1165 3540 est,

159 3550 196 3610 ut
228 3567 309 3631 opus
337 3546 381 3611 sit
409 3547 548 3611 oratoris
577 3547 670 3632 eopia
692 3548 743 3612 vel
767 3548 808 3612 ad
831 3548 1026 3613 hortandum
1049 3548 1100 3612 vel
1124 3548 1164 3611 ad
