2652 3920
379 228 448 286 LIB.
466 229 503 284 II.
521 228 598 286 ΟΔΡ.
617 234 731 285 19-22.
749 233 765 296 θ
782 233 897 285 46-49.
1078 225 1145 293 213

135 374 259 441 servari
281 372 559 458 animadvertique
576 374 762 458 potuerunt.
797 370 921 439 Nattae
937 393 1016 440 vero
1034 373 1145 439 status

134 467 193 531 sut
220 484 297 529 aera
323 462 436 548 legum
462 462 502 527 de
524 460 615 528 caelo
637 464 728 528 tacta
749 459 828 547 qnid
849 460 974 528 habent
995 460 1145 527 observa·

134 556 207 617 tum
227 572 267 618 ao
284 550 471 617 vetustum?
492 548 618 615 Pinarii
630 548 753 616 Nattae
770 549 912 635 nobiles3
933 570 956 616 a
970 548 1145 616 nobilitate

134 641 239 728 igitur
264 638 454 725 periculum.
494 637 565 704 Hoc
591 641 662 704 tam
683 637 800 705 callide
817 637 965 724 Iuppiter
986 636 1146 724 recogita

107 729 197 795 avit!
232 726 392 794 Romulus
415 727 541 793 lactens
563 725 701 792 fulmine
722 726 821 812 ictus3
842 726 916 792 urbi
938 726 1041 813 igitur
1062 725 1145 812 peri·

135 817 245 884 culum
268 815 464 899 ostenditur,
486 815 517 882 ei
540 836 638 900 quam
660 815 720 881 ille
740 813 893 882 condidit.
937 812 1043 891 Quam
1065 813 1146 880 scite

134 927 194 991 per
214 908 312 970 notas
333 925 393 971 nos
416 903 571 971 certiores
588 901 668 969 facit
680 902 841 991 Iuppiter!
867 901 916 969 At
933 903 1046 969 eodem
1064 905 1145 968 tem·

134 1014 214 1081 pore
237 994 367 1080 signum
389 991 481 1059 Iovis
501 992 747 1078 conlocabatur,
774 1013 838 1077 quo
861 991 1041 1059 coniuratio
1064 990 1145 1057 indi·

135 1082 291 1161 cabatur.¹
314 1080 361 1147 Et
381 1085 419 1148 tu
441 1081 566 1147 scilicet
588 1081 693 1147 mavis
715 1080 846 1146 numine
869 1080 1002 1148 deorum
1024 1079 1058 1145 id
1079 1078 1144 1146 iao·

97 1189 123 1230 ro
136 1175 207 1236 tum
229 1192 327 1256 quam
345 1191 422 1236 casu
440 1168 604 1255 arbitrari,
622 1174 656 1235 et
672 1170 868 1256 redemptor,
886 1168 942 1254 qui
960 1169 1145 1236 columnam

135 1260 229 1325 illam
252 1259 291 1324 de
313 1257 413 1325 Cotta
434 1262 468 1324 et
490 1258 530 1324 de
547 1256 714 1343 Torquato
737 1258 935 1325 conduxerat
954 1256 1146 1342 faciendam,
1191 1266 1196 1275 ’

135 1370 202 1414 non
223 1347 342 1413 inertia
364 1352 422 1413 aut
442 1346 554 1433 inopia
576 1345 701 1412 tardior
721 1344 794 1431 fuit,
816 1346 873 1412 sed
895 1368 916 1413 a
938 1344 1006 1412 deis
1025 1346 1146 1412 inmor-

136 1436 259 1502 talibus
281 1436 323 1502 ad
343 1436 444 1502 istam
465 1435 581 1501 horam
603 1438 789 1501 reservatus
807 1438 867 1501 est.
902 1432 979 1501 Non
996 1434 1145 1519 equidem
1163 1448 1199 1502 48

136 1525 234 1611 plane
257 1525 392 1608 despero
416 1524 481 1589 ista
504 1544 575 1589 esse
598 1545 688 1609 vera,
715 1522 772 1589 sed
793 1523 902 1590 nescio
925 1527 960 1589 et
982 1523 1103 1589 discere
1126 1543 1147 1589 a

97 1632 123 1671 ιε
137 1618 171 1678 te
192 1613 279 1683 uolo.
309 1609 396 1677 Nam
419 1634 493 1679 cum
514 1611 598 1678 mihi
620 1610 778 1696 quaedam
800 1633 878 1679 casu
895 1609 1082 1677 viderentur
1099 1610 1146 1680 sic

137 1701 279 1782 evenire,
310 1704 349 1766 ut
379 1700 546 1788 praedicta
577 1705 686 1766 essent
716 1723 737 1766 a
768 1700 1003 1785 divinantibus,
1034 1699 1146 1767 dixisti

137 1790 243 1856 multa
266 1789 305 1856 de
327 1810 413 1874 casu,
435 1793 473 1855 ut
490 1788 665 1855 Venerium
687 1789 750 1855 iaci
772 1810 868 1874 posse
890 1810 968 1855 casu
991 1792 1146 1874 quattuor

138 1879 216 1945 talis
230 1878 335 1963 iactis,
347 1878 404 1944 sed
417 1878 663 1965 quadringentis
673 1881 802 1944 centum
807 1876 964 1944 Venerios
973 1898 1040 1944 non
1049 1897 1145 1965 posse

138 1988 215 2034 casu
238 1968 424 2033 consistere.
459 1965 605 2032 Primum
627 1966 746 2050 nascio,
769 1987 825 2033 our
846 1966 1067 2052 nonpossint,
1089 1964 1147 2032 sed

98 2075 125 2115 2⁰
136 2077 204 2122 uon
220 2077 346 2143 pugn03
368 2055 515 2121 abundas
533 2055 620 2121 enim
638 2055 809 2121 similibus.
842 2053 954 2121 Habes
972 2058 1005 2121 et
1023 2074 1146 2141 rasper-

138 2143 1147 2319 tittttttlffiti‘ttttsttdimitti

1021 2281 1030 2317 i

137 2343 205 2388 non
234 2321 379 2408 potuerit
409 2321 444 2386 id
473 2320 600 2387 evenire
629 2341 707 2387 casu
733 2324 767 2386 et
792 2342 860 2386 non
885 2320 921 2385 in
948 2321 1037 2387 omni
1063 2343 1147 2387 mar·

139 2432 229 2477 more
245 2431 376 2477 necesse
394 2410 439 2475 sit
457 2408 563 2474 inesse
581 2409 634 2476 vel
647 2408 827 2476 Praxitelia
839 2409 961 2495 capital
983 2408 1047 2475 Illa
1060 2409 1147 2476 enim

99 2516 126 2558 rs
139 2499 213 2585 ipsa
225 2499 409 2564 efficiuntur
423 2498 631 2582 densatione,
647 2518 752 2582 neque
766 2498 938 2583 quiequam
951 2497 1031 2564 illuc
1044 2496 1150 2564 adfer·

139 2591 195 2652 tur
222 2611 242 2652 a
263 2585 441 2672 Praxitele;
470 2585 527 2652 sed
554 2607 628 2653 cum
654 2586 761 2652 multa
782 2589 860 2652 sunt
882 2585 1034 2655 damaeta,
1049 2590 1084 2652 et
1105 2586 1148 2652 ad

140 2675 332 2741 liniamenta
358 2675 424 2741 oris
451 2678 643 2761 perventum
670 2678 735 2760 est,
761 2678 833 2741 tum
858 2675 1033 2762 intellegas
1055 2674 1147 2761 illud,

141 2762 320 2848 quodiam
347 2763 526 2849 expolitum
553 2764 611 2849 sit,
637 2763 727 2829 intus
753 2762 863 2829 fuisse.
902 2762 1020 2830 Potest
1043 2762 1147 2850 igitur
1165 2777 1203 2829 49

140 2852 208 2918 tale
235 2851 359 2937 aliquid
386 2852 486 2917 etiam
508 2872 569 2917 sua
590 2855 707 2938 sponte
729 2850 765 2916 in
786 2851 969 2938 lapicidinis
991 2850 1148 2920 Chiorum

99 2958 127 3000 so
140 2940 296 3006 extitisse.
332 2936 395 3005 Sed
417 2939 546 3006 sithoc
567 2939 693 3025 fiotum3
716 2939 815 3026 quid?
837 2940 873 3005 in
893 2939 1035 3007 nubibus
1057 2962 1148 3008 num·

140 3050 239 3114 quam
257 3027 517 3095 animadvertisti
534 3028 638 3095 leonis
652 3028 793 3095 formam
807 3033 866 3095 aut
878 3029 1147 3115 hippocentauri?

138 3117 254 3184 Potest
280 3117 395 3204 igitur,
426 3116 513 3203 quod
539 3115 636 3184 modo
661 3118 823 3206 negabas,
853 3117 1026 3184 veritatem
1053 3139 1148 3186 casus

139 3207 272 3272 imitari.
649 3243 652 3248 ·

206 3291 269 3360 Sed
295 3293 450 3380 quoniam
476 3294 515 3360 ds
542 3292 626 3360 extis
652 3298 687 3361 et
712 3295 752 3363 de
778 3294 963 3384 fulgoribus
990 3296 1070 3362 satis
1094 3296 1200 3363 est22

98 3397 128 3441 κ
141 3383 354 3470 disputatum,
383 3385 514 3450 ostenta
541 3386 681 3469 restant,
709 3388 748 3451 ut
773 3387 847 3451 tota
871 3384 1080 3471 haruspicina
1101 3385 1147 3451 sit

139 3474 348 3558 pertractata.
383 3470 492 3538 Mulae
514 3474 629 3558 partus
651 3473 800 3558 prolatus
823 3476 874 3540 est
892 3496 912 3539 a
932 3477 974 3539 te.
1005 3473 1070 3539 Res
1090 3474 1148 3539 mi·

140 3558 264 3644 rabilis,
285 3564 459 3646 propterea
480 3561 645 3646 quianon
666 3583 763 3647 saepe
784 3561 838 3644 fit;
859 3562 916 3627 sed
939 3562 968 3627 si
988 3561 1060 3627 fieri
1081 3583 1148 3627 non
