2654 3912
407 198 475 255 LlB.
496 197 529 252 v.
550 197 627 253 CAP.
646 205 725 255 6-6.
749 204 861 264 se-s.
1072 196 1136 260 363

127 348 202 410 tuta
224 343 368 430 legibus,
396 365 494 428 quam
516 341 722 426 verecundia,
749 363 847 425 quam
870 344 989 405 natura
1011 338 1137 404 homini

128 433 216 498 dedit
240 432 334 517 quasi
355 432 514 516 quendam
532 430 782 516 vituperationis
800 428 1025 495 noniniuetae
1044 427 1137 493 timo·

127 543 206 586 rem.
247 520 341 587 Hanc
368 521 425 584 1116
451 523 559 587 rector
585 542 694 585 rerum
721 517 926 604 publicarum
953 516 1044 582 auxit
1071 515 1138 601 opi·

127 609 280 674 nionibue
302 608 501 693 perfecitque
523 608 684 673 institutis
708 611 741 671 et
764 606 952 691 disciplinis,
975 608 1013 670 ut
1035 605 1139 690 pudor

98 699 209 764 sciris
231 719 297 762 non
315 697 423 762 minus
441 719 461 761 6
479 695 605 762 delictis
624 701 749 762 arceret
768 718 865 780 quam
884 698 1001 759 metus.
1029 694 1139 777 Atque

127 786 209 852 haec
227 785 233 869 Ι
254 785 384 871 quidem
411 785 453 850 ad
475 785 604 850 laudem
627 785 806 870 pertinent,
834 805 917 868 qnae
940 782 1004 848 dici
1027 784 1068 864 [p.
1086 798 1138 847 666

128 875 229 940 161166
252 874 448 958 uberiusque
470 876 655 960 potuerunt.

195 961 249 1027 Ad
266 963 369 1028 vitam
387 966 497 1027 autem
515 983 673 1047 usumque
686 961 816 1028 vivendi
829 983 869 1027 66
883 960 1039 1046 discripta
1052 959 1138 1025 ratio
1157 932 1179 1059 ξ)

129 1055 180 1117 661
206 1051 301 1115 166116
324 1051 463 1136 nuptiis,
490 1050 647 1137 legitimis
670 1051 797 1133 liberis,
824 1052 946 1116 sanctis
970 1049 1138 1135 penatium

88 1140 263 1205 iudeorum
285 1138 471 1225 Larumque
497 1139 709 1205 familiarium
738 1140 882 1223 sedibus,
910 1143 948 1204 ut
970 1159 1082 1203 omnes
1105 1139 1139 1202 et

128 1228 354 1295 communibus
385 1228 564 1295 commodis
596 1231 629 1293 et
661 1228 728 1293 suis
755 1231 938 1311 uterentur,
969 1249 1029 1292 nec
1055 1226 1138 1291 bene

128 1318 196 1384 vivi
223 1318 292 1383 sine
319 1318 407 1383 bone
434 1339 469 1381 re
497 1317 629 1402 publice
655 1321 768 1402 posset
791 1338 849 1381 nec
872 1337 942 1381 6666
966 1315 1139 1400 quicquam

129 1407 263 1472 civitate
289 1407 372 1471 bene
399 1406 579 1472 constituta
605 1405 741 1470 beatius.
783 1403 940 1480 Quocirca
961 1405 1138 1489 permirum

130 1495 211 1560 mihi
233 1494 337 1560 videri
360 1495 453 1577 solet,
477 1515 559 1579 quae
582 1494 626 1558 611
648 1498 742 1558 16616
765 1493 861 1558 166..
877 1542 906 1558 ..

90 1602 116 1642 6
197 1583 349 1650 Consum
371 1585 468 1666 opiter
489 1603 577 1648 omne
597 1588 714 1664 ternpus
730 1583 936 1659 considerans,
957 1584 1076 1663 posonio
1092 1551 1179 1677 uis}

129 1674 172 1739 sit
192 1673 280 1738 iilius
300 1672 371 1750 oiri,
393 1691 482 1754 quem
503 1672 618 1738 nostris
640 1672 729 1736 libris
745 1672 823 1736 satis
840 1671 1008 1753 dilipenter‚
1030 1674 1067 1734 61
1083 1668 1140 1733 tibi

129 1762 252 1844 quidem
273 1760 420 1839 videmur,
442 1761 653 1842 expressimus.
693 1761 827 1825 Tenesne
843 1760 948 1842 ipiinr,
970 1759 1139 1824 moderato·

129 1871 194 1914 rene
216 1850 306 1915 illurn
328 1850 374 1914 rei
384 1849 528 1932 66111666
544 1869 603 1931 qno
620 1847 734 1930 referre
750 1848 878 1913 velimus
895 1847 1024 1912 omniu?
1052 1847 1139 1912 Nono

129 1940 174 2003 sir
195 1939 310 2020 quinto,
331 1942 368 2002 nt
388 1939 505 2020 opinor,
526 1939 562 2001 in
585 1937 662 2002 tetro
685 1938 820 2019 16661166
837 1935 958 2018 Scipio:
982 1934 1030 2001 Ut
1052 1935 1138 2000 enim

89 2044 117 2084 6ο
131 2025 343 2111 gubernatori
365 2047 477 2091 cursus
496 2026 662 2110 secundus,
685 2025 808 2090 medico
828 2025 926 2109 salus,
948 2022 1140 2109 imperatori

131 2115 277 2197 victoria,
297 2113 344 2179 616
362 2114 437 2179 huic
455 2115 652 2180 moderatori
670 2115 718 2179 rei
736 2113 887 2199 publicae
904 2113 1003 2178 beata
1021 2112 1139 2179 civium

131 2203 201 2269 vite
227 2200 397 2289 proposita
424 2206 488 2286 est,
517 2207 554 2268 ut
581 2205 698 2289 opibus
721 2203 830 2286 firma,
859 2202 961 2287 copiis
985 2202 1140 2287 locuples,

132 2292 238 2377 glorie
262 2290 385 2377 ampla,
412 2291 534 2357 virtute
556 2291 696 2358 honesta
719 2292 775 2375 sit3
805 2291 900 2356 huius
923 2291 1009 2356 enirn
1032 2291 1140 2376 operis
1205 2370 1208 2379 Ι

131 2381 265 2445 maximi
291 2380 377 2444 inter
404 2378 552 2445 homines
580 2385 678 2466 atque
706 2380 823 2466 optimi
849 2380 942 2445 illum
971 2400 1042 2446 6666
1069 2401 1140 2466 per·

90 2469 285 2534 refectorem
308 2469 393 2534 vole.
429 2467 549 2550 (Cicero
569 2472 613 2536 ool
633 2471 699 2536 Ali.
731 2469 954 2553 V11111.1.)

197 2557 242 2621 Et
264 2556 321 2621 ubi
343 2559 402 2640 est,
426 2556 511 2641 quod
534 2560 568 2623 et
590 2563 719 2624 vestrae
740 2558 871 2622 litterae
891 2556 986 2622 illum
1005 2557 1140 2623 1661661

131 2645 258 2729 patriae
285 2648 458 2729 rectorem,
487 2645 544 2731 qui
564 2648 679 2735 populi
700 2646 839 2711 utilitati
861 2646 967 2732 magis
990 2646 1140 2711 consulet

132 2733 437 2904 quavaol)untati?
471 2734 684 2819 (Aupnstinns
704 2739 844 2819 ep.104.
867 2740 889 2801 7
910 2740 968 2800 661
992 2735 1029 2799 Τ.
1047 2734 1140 2817 Hp.

131 2827 199 2889 292
255 2842 300 2886 en.

94 2926 120 2967 ro
199 2910 309 2975 Etiam
329 2912 452 2979 Trallins
472 2913 544 2979 irinc
565 2913 763 2979 dissimulare
779 2933 843 2978 non
855 2913 960 2995 potnit
975 2913 1012 2976 in
1029 2912 1140 2977 eisdem
1159 2881 1178 3007 g

132 2999 232 3079 tetris,
261 3019 335 3082 quos
361 3002 398 3065 de
423 3003 605 3084 republica
631 3003 767 3085 scripsit,
796 3002 850 3066 611
877 3002 1070 3083 1666116616
1091 3002 1140 3066 in-

131 3090 281 3154 stituendo
307 3089 451 3172 principe
480 3091 626 3167 ciciiutis,
660 3111 749 3171 quern
779 3091 856 3156 dicit
886 3090 1037 3154 alendum
1069 3111 1140 3155 6666

133 3176 248 3262 gloria,
269 3182 299 3241 61
319 3184 530 3260 consequenter
551 3183 765 3244 commemorat
781 3177 921 3243 maiores
940 3200 1016 3243 suos
1035 3178 1141 3243 multa

132 3264 215 3330 mira
233 3269 331 3350 atque
349 3267 518 3351 praeclara
537 3266 661 3351 gloriae
674 3266 852 3351 cupiditate
865 3266 988 3333 fecisse.
1018 3267 1141 3351 (Artyn-

94 3355 232 3419 ⁸⁶slinus
253 3355 289 3419 cle
311 3355 366 3420 616.
388 3355 438 3421 dei
465 3355 497 3420 V
513 3357 578 3440 13.)

200 3443 324 3509 Tullius
349 3444 385 3507 in
412 3444 499 3509 tetris
520 3445 558 3510 oie
578 3444 755 3528 republica
775 3444 900 3527 seper
919 3444 1032 3510 scrinei
1053 3443 1140 3528 prin-

131 3530 235 3615 cipem
257 3530 401 3597 civitatis
424 3532 531 3620 gloria
553 3555 624 3598 6666
647 3534 808 3616 alendum,
830 3535 955 3599 ettam
978 3530 1033 3596 116
1051 3535 1139 3596 stare

1319 3098 1321 3145 1
