2654 3924
171 203 237 267 280
531 202 581 256 DE
599 202 647 256 RE
666 202 822 257 PUBLICA

170 347 220 413 De
244 347 368 414 solibus
389 347 464 412 istis
488 346 626 432 duobus3
654 347 693 413 de
716 368 781 432 quo
804 348 932 432 studeo,
954 346 1062 432 Phile,
1084 369 1123 412 cx
1145 350 1182 413 te

171 436 282 501 audire
306 435 383 521 quid
406 436 537 502 sentias.

236 523 374 590 Dixerat
404 524 467 591 hoc
495 525 567 608 ille,
598 546 671 590 cum
700 547 781 610 puer
809 524 973 589 nuntiavit
1001 524 1112 589 uenire
1139 525 1181 589 ed

172 634 245 678 eum
266 612 414 679 Laelium
442 613 601 697 domoque
627 613 694 678 iam
722 613 834 678 exisse.
879 612 963 678 Tum
986 609 1093 697 Scipio
1117 614 1181 678 oal-

171 701 242 775 ceis,
263 705 297 769 et
325 701 529 768 vestimentis
559 702 698 787 sumptis
727 701 919 769 acubiculo
947 705 998 766 est
1021 721 1181 787 egressus,
1209 721 1225 761 e

170 818 198 870 p.
217 792 283 872 210]
317 793 350 856 et
381 812 454 856 cum
481 790 650 875 paululum
677 787 956 876 inambullavisset
982 789 1017 853 in
1043 789 1181 874 porticu,

170 877 318 944 Laelium
341 878 565 944 aduenientem
588 879 746 944 salutavit
768 881 802 943 et
824 899 894 962 eos,
922 878 979 963 qui
1000 900 1066 942 una
1088 899 1181 943 vene

170 969 260 1050 rant,
290 966 442 1052 Spurium
464 965 671 1050 Mummium,
699 987 795 1051 quem
816 965 988 1052 inprimis
1012 965 1181 1052 diligebat,

172 1059 205 1119 et
227 1052 262 1120 (l,
280 1053 441 1119 Fannium
464 1059 497 1119 et
515 1053 671 1131 Quintum
689 1052 887 1139 Scaevolam,
911 1076 1050 1141 generos
1068 1054 1181 1138 Laelii,

174 1147 284 1215 doctos
303 1143 533 1228 adulescentes,
556 1143 622 1208 iam
641 1147 754 1209 aetate>
767 1143 984 1229 quaestorios,
1007 1164 1088 1228 quos
1107 1164 1181 1208 eum
1196 1166 1223 1205 10

172 1231 277 1296 omnis
301 1231 518 1316 salutavisset,
541 1232 701 1297 convertit
724 1253 758 1298 se
779 1232 816 1296 in
837 1232 967 1317 porticu
988 1234 1022 1296 et
1043 1231 1180 1297 coniecit

171 1320 206 1383 in
232 1319 374 1385 medium
396 1319 557 1403 Laelium3
583 1319 647 1384 fuit
670 1321 756 1385 enim
778 1320 841 1386 hoc
863 1320 898 1384 in
920 1320 1071 1385 amicitia
1087 1320 1181 1404 quasi

172 1407 335 1493 quoddam
357 1408 408 1473 ius
430 1408 516 1473 inter
538 1408 629 1493 illos,
651 1412 690 1474 ut
711 1409 849 1473 militiae
872 1413 1007 1494 propter
1029 1407 1181 1473 eximiam

170 1524 198 1576 p.
224 1499 288 1579 19⁷]
325 1497 406 1562 belli
438 1497 578 1583 gloriam
607 1496 612 1581 Ι
641 1496 831 1563 Africanum
862 1500 901 1562 ut
933 1496 1028 1563 deum
1059 1496 1181 1562 coleret

170 1584 314 1669 Laelius,
342 1584 430 1650 domi
457 1585 600 1651 vicissim
622 1584 784 1670 Laelium,
812 1584 898 1671 quod
925 1589 1034 1650 aetate
1056 1588 1181 1651 antece
1195 1605 1221 1648 rs

172 1673 282 1757 debat,
311 1674 500 1739 observaret
526 1673 562 1738 in
583 1674 728 1759 parentis
751 1675 831 1739 loco
846 1670 963 1759 Scipio.
999 1673 1085 1738 Dein
1107 1695 1180 1739 cum

172 1765 281 1826 essent
307 1783 470 1847 perpauca
495 1762 582 1827 inter
610 1783 644 1827 se
671 1784 736 1828 uno
765 1766 823 1828 aut
850 1762 954 1827 altero
978 1761 1085 1847 spatio
1108 1782 1181 1828 con·

171 1851 272 1916 locuti
291 1847 496 1935 Scipionique
519 1872 631 1916 eorum
649 1850 806 1916 aduentus
825 1849 1041 1936 periucundus
1060 1854 1093 1915 et
1110 1871 1181 1935 per·

171 1943 285 2025 gratus
307 1938 433 2022 fuisset,
455 1938 613 2024 placitum
632 1943 691 2023 est,
713 1940 803 2004 utin
821 1939 931 2024 aprico
949 1938 1180 2023 maximepra·

171 2027 234 2092 tuli
256 2027 342 2111 loco,
371 2025 457 2110 quod
479 2030 551 2092 erat
572 2026 745 2092 hibernum
767 2032 896 2113 tempus
920 2027 1009 2111 unni,
1037 2026 1179 2093 conside
1194 2048 1221 2088 ao

171 2119 258 2198 rent,
280 2115 367 2200 quod
389 2136 463 2180 cum
484 2114 591 2180 facere
612 2116 745 2199 vellent,
767 2115 944 2181 intervenit
966 2115 1017 2181 vir
1039 2115 1179 2200 prudens

171 2231 199 2284 p.
219 2206 283 2284 198]
308 2198 530 2288 omnibuslque
553 2202 621 2268 illis
641 2207 674 2268 et
691 2204 848 2269 iucundus
867 2208 900 2269 et
918 2225 1022 2288 carus,
1044 2202 1095 2269 Μ’.
1113 2202 1180 2269 Ma·

171 2291 283 2444 issius'
304 2290 413 2444 difflui
436 2287 585 2376 Scipione
612 2292 791 2444 oLeteriisque
817 2292 1012 2358 amicissime
1035 2293 1181 2358 consalu·

187 2384 260 2444 etus
284 2401 303 2444 a
326 2378 392 2444 se'
431 2379 598 2464 proximus
649 2402 686 2444 ee
700 2381 741 2446 io.

121 2440 162 2504 13
237 2466 320 2532 num
347 2466 476 2533 snus:
506 2466 583 2535 uon
609 2469 691 2535 mm
717 2468 858 2554 videtur,
878 2468 1004 2555 aquia
1032 2470 1118 2556 quoa
1144 2470 1180 2534 n
1193 2489 1220 2532 a

120 2518 152 2566 ¹⁹
171 2560 338 2641 uenerunt,
360 2555 444 2622 elius
462 2556 558 2623 nobis
577 2577 682 2623 sermo
697 2579 767 2623 esse
782 2557 991 2643 quaerendus,
1011 2559 1066 2624 sed
1085 2573 1181 2645 agen·

172 2644 248 2710 dum
279 2644 460 2712 accuratius
490 2648 524 2710 et
555 2645 724 2711 dicendum
751 2646 886 2732 dignum
914 2644 1038 2730 aliquid
1063 2647 1180 2712 horum

172 2733 313 2800 auribus.
348 2732 412 2798 Hie
434 2731 576 2799 Laelius:
604 2732 688 2810 Quid
713 2734 845 2800 tandem
868 2735 1027 2821 agebatis,
1050 2740 1107 2801 aut
1129 2736 1181 2802 oui

171 2822 314 2888 sermoni
331 2842 391 2887 nos
409 2821 665 2888 intervenimus?
688 2822 762 2888 PH.
780 2822 971 2900 Quaesierat
989 2846 1028 2889 ex
1046 2845 1098 2889 mc
1116 2821 1181 2890 Sci·

170 2938 198 2990 p.
218 2913 283 2992 ace]
306 2909 372 2996 pio,
391 2907 396 2993 Ι
416 2909 571 2994 quidnam
594 2910 749 2976 sentirem
772 2911 811 2977 dc
833 2911 909 2996 hoc,
936 2912 1023 2997 quod
1045 2911 1109 2978 duo
1132 2934 1180 2979 so·
1194 2931 1220 2973 ro

171 3000 218 3064 les
241 2999 330 3064 visos
353 3019 424 3063 esse
446 3002 621 3064 constaret.
654 3000 692 3065 L.
715 2999 782 3064 Ain
798 3000 898 3066 vero?
920 2996 1024 3085 Phile,
1045 3001 1113 3066 ium
1130 3022 1181 3066 ex·

170 3087 302 3172 plorata
319 3086 414 3153 nobis
433 3091 510 3155 sunt
528 3109 575 3172 ea,
594 3108 677 3173 quae
695 3088 737 3153 ad
755 3088 869 3154 domos
886 3091 1016 3154 nostras
1036 3098 1180 3174 quaeque

171 3175 212 3240 ad
239 3197 309 3240 rem
336 3174 500 3259 publicam
527 3175 734 3261 pertineant?
762 3176 934 3262 siquidem,
964 3176 1041 3262 qnid
1063 3180 1182 3264 agatur

170 3264 206 3328 in
227 3263 328 3347 caelo,
351 3263 546 3347 quaerimus.
576 3263 622 3330 Et
639 3265 710 3330 ille:
733 3264 787 3330 An
804 3268 842 3331 tu
860 3264 902 3330 ad
919 3264 1033 3331 domos
1050 3269 1180 3331 nostras

170 3373 237 3422 non
266 3371 377 3417 censes
407 3352 570 3436 pertinere
597 3353 692 3438 scire,
719 3353 798 3438 quid
825 3357 944 3440 agatur
966 3357 1000 3418 et
1023 3353 1101 3439 quid
1122 3355 1219 3419 fiatur

172 3439 281 3510 domi?
305 3459 387 3524 quae
409 3460 477 3505 non
500 3462 538 3506 ea
556 3446 615 3527 est,
638 3463 736 3525 qnam
754 3442 896 3526 parietes
913 3442 1019 3506 nostri
1037 3443 1181 3528 cingunt,

172 3527 228 3594 sed
251 3526 389 3593 mundus
413 3526 466 3592 hic
488 3532 588 3615 totus,
612 3530 698 3613 quod
721 3530 920 3595 domicilium
943 3551 1105 3614 quamque
1126 3553 1181 3616 pa·
