2652 3908
144 188 207 253 10‘2
359 216 361 221 ·
465 187 514 242 DE
533 188 688 244 NATURA
705 188 861 244 DEORUM

141 357 218 401 nere
241 335 353 401 finitus
377 337 428 400 est
451 333 533 418 dies,
555 333 690 417 mensis,
713 356 831 418 annus,
854 334 1051 400 defectiones
1075 334 1156 400 solis

143 428 176 491 et
207 424 303 489 lunae
335 423 486 509 cognitae
518 422 765 508 praedictaeque
796 424 832 487 in
864 444 959 488 omne
987 427 1157 508 posterum

143 517 285 598 tempus,
317 533 414 597 quae,
445 515 601 596 quantae,
627 511 756 595 quando
783 510 913 577 futurae
940 512 1016 576 sint.
1066 509 1158 586 Quae

143 605 299 668 contuens
332 600 459 666 animus
487 600 612 666 accedit
638 599 681 663 ad
707 600 929 686 cognitionem
957 599 1106 683 deorum,
1139 597 1158 665 ὁ

144 713 208 777 qua
231 690 335 756 oritur
357 689 479 774 pietas,
506 689 558 754 cui
580 688 753 754 coniuncta
773 687 902 753 institia
924 693 975 753 est
997 688 1158 773 reliquae
1186 707 1201 748 e

143 801 205 865 que
227 779 375 861 virtutes,
398 799 416 844 e
438 777 557 862 quibus
575 777 645 842 vita
662 776 761 842 beata
777 777 889 842 existit
906 798 967 861 par
984 780 1019 842 et
1037 777 1158 842 similis

142 868 289 950 deum,
319 866 413 932 nullu
440 865 505 931 alia
532 887 567 931 re
594 865 658 930 nisi
685 865 938 948 inmortalitate,
965 886 1050 949 qnae
1073 865 1158 930 nihil

143 956 184 1022 ad
207 956 291 1021 bene
312 954 485 1019 vivendum
508 954 662 1039 pertinet,
691 954 808 1019 cedens
829 954 1035 1019 caelestibus.
1082 952 1158 1029 Qui-

142 1045 204 1110 bus
226 1044 324 1110 rebus
347 1042 503 1128 expositis
526 1040 608 1107 satia
631 1041 778 1107 docuisse
796 1042 916 1126 videor,
938 1042 1082 1108 hominis
1101 1065 1158 1107 na·

143 1136 218 1198 tura
240 1134 363 1217 quanto
386 1130 491 1196 omnis
515 1130 654 1195 anteiret
677 1130 868 1196 animantes.
904 1129 1038 1215 Exque
1057 1131 1200 1196 debetis

142 1219 293 1305 intellegi
319 1218 382 1284 'nec
412 1219 552 1305 figuram
584 1218 747 1305 situmque
774 1220 994 1285 membrorum
1022 1241 1081 1285 nec
1107 1220 1156 1285 in·

143 1309 231 1397 genii
266 1307 449 1392 mentisque
485 1307 553 1372 rim
583 1307 686 1373 talem
718 1307 802 1373 effici
834 1307 982 1394 potuisse
1012 1307 1155 1373 fortuna.

93 1421 143 1470 154
156 1398 286 1480 Restat,
312 1400 351 1462 ut
378 1397 510 1462 doceam
538 1399 637 1480 atque
664 1397 837 1481 aliquando
862 1417 1012 1482 perorem
1035 1397 1155 1481 omnia,

143 1510 226 1574 quae
249 1484 374 1551 sintin
395 1484 458 1550 hoc
476 1484 605 1569 mundo,
628 1485 745 1569 quibus
764 1489 899 1550 utantur
916 1485 1075 1569 homines,
1098 1485 1155 1551 ho

142 1577 267 1642 minum
290 1595 388 1640 causa
409 1572 499 1639 facta
520 1594 591 1639 esse
614 1577 648 1638 et
670 1576 794 1657 perata
1172 1593 1201 1634 rr

91 1674 134 1739 62
209 1663 373 1748 Principio
396 1662 466 1748 ipse
488 1662 626 1727 mundus
650 1662 783 1727 deorum
805 1661 1038 1747 hominumque
1057 1685 1157 1728 causa

142 1754 250 1820 factus
272 1755 333 1836 est,
356 1773 501 1836 quaeque
523 1751 558 1815 in
581 1772 619 1816 eo
642 1754 728 1834 sunt,
751 1755 930 1836 caperata
952 1752 993 1816 ad
1011 1751 1156 1817 fructum

142 1842 312 1908 hominum
339 1845 372 1904 et
402 1840 534 1904 inventa
560 1843 645 1904 sunt.
691 1837 753 1903 nst
780 1840 867 1904 enim
894 1840 1032 1905 mundns
1061 1840 1156 1925 quasi

143 1929 323 1997 communis
355 1927 489 1993 deorum
521 1931 619 2012 atque
650 1928 820 1994 hominum
847 1927 964 1992 domus
990 1932 1048 1993 aut
1075 1931 1154 1993 urbs

143 2023 362 2102 utrorumque.
408 2012 478 2081 Soli
504 2016 590 2081 enim
616 2018 744 2082 ratione
769 2020 900 2082 utentes
926 2017 996 2082 iure
1020 2039 1058 2082 ac
1081 2018 1154 2103 lege
1171 2037 1200 2075 ao

142 2108 265 2173 vivunt.
311 2104 357 2171 Ut
386 2105 489 2190 igitur
515 2104 664 2169 Athenas
692 2110 725 2170 et
754 2104 1029 2171 Lacedaemonem
1052 2105 1154 2170 Athe

142 2195 304 2261 niensium
334 2192 725 2277 Lacedaemoniorumque
761 2215 859 2259 causa
890 2194 1069 2279 putandum
1102 2197 1155 2258 est

143 2283 291 2351 conditas
321 2302 406 2365 esse,
438 2281 623 2366 omniaque,
656 2303 738 2366 qnae
769 2282 836 2346 sint
867 2282 902 2345 in
928 2281 980 2347 his
1008 2282 1155 2367 urbibus,

144 2395 256 2439 eorum
282 2371 479 2457 populorum
501 2375 589 2435 recte
612 2391 683 2436 esse
706 2367 868 2453 dicuntur,
897 2370 956 2453 sic,
984 2392 1154 2454 quaecum·

143 2482 206 2547 que
237 2463 314 2525 sunt
345 2460 380 2524 in
411 2459 500 2526 omni
531 2460 666 2543 mundo,
698 2459 831 2523 deorum
858 2461 956 2543 atque
983 2457 1154 2524 hominum
1170 2476 1199 2517 2⁵

92 2572 141 2620 155
156 2548 302 2636 putanda
332 2551 417 2614 sunt.
462 2546 532 2612 Iam
563 2568 641 2612 vero
674 2547 860 2613 circumitus
888 2547 968 2612 solis
996 2550 1030 2612 et
1056 2547 1153 2612 lunae

143 2639 405 2724 reliquorumque
435 2636 590 2720 siderum,
619 2656 817 2720 quamquem
846 2635 946 2700 etiam
977 2636 1017 2700 ad
1041 2637 1154 2701 mundi

44 2806 47 2810 Α
143 2725 383 2794 cohaerentiam
401 2724 574 2810 pertinent,
596 2727 707 2789 tamen
725 2728 759 2788 et
776 2724 998 2808 spectaculum
1015 2724 1154 2790 homini-

142 2817 204 2881 bus
238 2815 410 2902 praebent,
445 2812 537 2877 nulla
568 2815 619 2877 eat
650 2812 736 2876 enirn
768 2811 989 2878 insatiabilior
1020 2814 1153 2898 species,

142 2905 234 2970 nulla
251 2902 420 2989 pulchrior
437 2905 471 2967 et
489 2901 530 2965 ad
548 2901 709 2965 rationem
727 2901 972 2986 sollertiamque
986 2907 1154 2987 praestan·
1169 2922 1199 2964 so

142 2994 222 3077 tior;
245 3013 357 3057 eorum
380 2989 466 3055 enirn
489 3010 602 3056 cursus
626 2989 774 3054 dimetati
797 2990 1005 3055 maturitates
1028 2994 1154 3076 tempo·

142 3104 215 3146 rum
238 3084 271 3146 et
292 3079 469 3144 varietates
492 3077 753 3163 mutationesque
774 3079 1000 3165 eognovimus3
1022 3079 1154 3164 quaesi

142 3169 329 3236 hominibus
351 3167 432 3233 solia
454 3170 534 3233 nota
556 3170 641 3251 sunt,
663 3166 832 3232 hominurn
853 3166 944 3233 faeta
965 3189 1037 3233 esse
1055 3190 1154 3233 eausa

92 3278 142 3329 156
155 3256 362 3323 iudicandum
391 3258 451 3321 est
496 3255 597 3322 Terra
625 3277 703 3322 vero
733 3255 801 3321 feta
826 3254 977 3343 frugibus
1006 3261 1039 3321 et
1060 3257 1153 3323 vario

143 3346 345 3431 leguminum
367 3351 499 3431 genere,
525 3366 609 3429 quae
631 3366 705 3410 cnm
727 3366 880 3410 maxuma
903 3345 1060 3432 largitate
1081 3345 1153 3410 fun·
1168 3362 1197 3405 ³⁵

143 3434 200 3516 dit,
223 3455 261 3497 ea
277 3432 462 3499 ferarumne
485 3455 528 3499 an
545 3432 712 3499 hominum
737 3452 831 3496 causa
848 3434 983 3520 gignere
1001 3433 1152 3499 ridetur?

142 3520 226 3598 Quid
248 3521 288 3585 de
311 3522 432 3587 vitibus
456 3522 649 3607 olivetisque
672 3521 799 3587 dicam?
827 3544 964 3625 quarum
987 3522 1153 3588 uberrumi
