2652 3920
222 211 290 268 ΜΒ.
309 211 330 267 1.
351 209 427 268 OAP.
446 217 490 280 av,
504 216 547 268 oe.
566 218 746 278 §131-132.
770 211 837 269 ΜΒ.
852 213 888 269 Π.
906 212 1045 269 ABGUII.
1081 211 1145 278 195

77 356 79 367 ’
182 354 256 432 Qui
282 356 360 420 sibi
390 356 568 421 semitim
593 378 669 421 non
697 356 869 442 sapiunt,
899 357 1017 422 alteri
1045 379 1148 423 mon·

792 446 922 510 sirint
944 445 1060 530 viam3

182 531 330 608 Quibus
360 531 524 598 divitias
550 533 806 619 pollicentur,
839 534 884 598 ab
911 534 961 600 iis
989 534 1148 600 drachu-

691 644 787 687 mam
810 620 891 708 ipsi
911 626 1060 708 petunt.

183 708 236 775 De
273 707 334 774 hie
372 708 526 774 divitiis
559 708 636 774 sibi
669 709 860 776 deducant
891 711 1149 795 drachumam,

734 798 899 864 reddant
922 803 1060 865 cetera.

138 886 247 971 Atque
270 886 351 951 haee
374 886 505 971 quidem
524 885 664 970 Ennius,
687 887 743 972 qui
765 888 877 973 paucis
901 892 977 953 ante
1000 889 1149 955 versibus

112 997 210 1041 nesse
239 975 315 1040 deos
343 979 467 1059 censet,
497 975 553 1040 sed
580 996 636 1040 eos
662 997 730 1040 non
752 998 865 1041 curare
888 977 1049 1062 opinatur,
1073 976 1150 1062 quid

140 1068 218 1149 agat
240 1063 419 1129 humanum
443 1084 554 1150 genus.
593 1064 667 1150 Ego
690 1068 808 1148 autern,
831 1065 887 1149 qui
910 1069 944 1131 et
966 1087 1078 1132 curare
1101 1006 1198 1255 an)

138 1153 245 1217 bitror
269 1156 302 1216 et
324 1173 456 1217 monere
479 1152 578 1217 etiam
602 1174 639 1219 ac
662 1153 768 1217 multa
789 1153 982 1239 praedicere,
1005 1154 1150 1238 levitate,

138 1240 298 1324 vanitate,
327 1241 456 1305 malitia
485 1241 616 1306 exclusa
643 1240 875 1307 divinationem
903 1232 1150 1327 pronostica

139 1351 212 1395 oum
240 1329 376 1394 dixisset
397 1327 549 1414 Quintus,
575 1328 746 1395 Praeclare
772 1334 811 1396 tu
838 1331 981 1416 quidem,
1007 1332 1150 1417 inquam,

15 1496 17 1501 ,
101 1439 125 1479 ιο
140 1421 274 1504 paratus
294 1468 300 1480 .
320 1467 355 1482 ..

386 1739 434 1813 n.
464 1738 625 1812 runnu
653 1738 900 1813 orunaours
1009 1820 1012 1823 ,

304 1896 402 1995 ΒΕ
440 1896 985 1997 DIVINATIONE

437 2076 574 2137 LIBER
602 2076 853 2138 SECUNDUS.

498 2359 795 2421 ARGUMENTUM.

210 2493 272 2548 Hoc
289 2494 379 2549 altero
398 2493 433 2550 de
452 2492 628 2549 divinatione
646 2493 719 2548 libro
735 2491 832 2548 Cicero
851 2494 1002 2563 postquam
1020 2494 1055 2549 de
1069 2493 1150 2550 libris

142 2565 199 2620 suis
218 2565 283 2619 ante
302 2564 354 2620 hos
373 2564 409 2619 de
427 2564 603 2620 divinatione
621 2564 708 2619 libros
727 2563 840 2635 scriptis
856 2564 936 2619 etde
951 2565 1079 2620 omnibus
1094 2567 1151 2620 stu·

142 2635 197 2690 diia
215 2637 273 2689 suis
293 2636 423 2705 exposuit
440 2637 512 2706 (cap.
533 2643 556 2702 1,
575 2642 591 2690 2
610 2642 626 2702 ς
646 2638 734 2705 1-7),
753 2637 851 2690 contra
868 2635 1008 2691 rationem
1027 2635 1151 2691 Stoicam

142 2722 167 2762 a
187 2705 218 2770 Q.
242 2704 328 2759 fratre
346 2706 419 2760 libro
439 2705 582 2777 superiore
600 2706 779 2776 explanatam
798 2707 828 2760 et
845 2704 989 2760 defensam
1007 2705 1151 2776 disputare

141 2775 274 2833 instituit.
306 2774 420 2831 Initium
438 2775 508 2830 facit
524 2792 542 2831 a
556 2775 705 2832 Carneadis
724 2777 890 2848 argumento
908 2776 1016 2831 nullam
1034 2792 1095 2832 esse
1110 2777 1151 2832 di·

141 2846 314 2902 vinctionem
333 2846 480 2915 censentis,
499 2847 574 2916 qnod
591 2847 670 2902 nulla
687 2847 727 2902 sit
740 2847 922 2902 divinationis
936 2850 1079 2917 tamquam
1093 2864 1151 2903 ma·

140 2919 235 2974 terias.
272 2915 386 2972 Nullam
412 2916 489 2973 enirn
511 2934 572 2973 esse
595 2917 798 2974 divinationem
818 2933 909 2987 neque
933 2934 1150 2988 eunomianum,

141 3006 212 3061 quae
231 2987 359 3044 sensibus
375 2987 577 3060 percipiantur,
595 3006 686 3058 neque
705 3005 808 3055 earum,
828 3004 899 3058 quae
912 2990 972 3045 arte
985 2991 1150 3057 tractentur,

140 3059 964 3187 {suffetulaeInsideat?instituunt
978 3065 1149 3203 tutet

142 3203 295 3259 dictionem
319 3203 350 3257 et
370 3201 596 3274 praesensionem
614 3217 705 3257 rerum
723 3201 913 3269 fortuitamm3
936 3202 1057 3273 primum
1075 3202 1150 3258 enim

141 3276 249 3340 ventos,
269 3274 386 3329 eventus
404 3271 573 3340 morborum,
591 3272 681 3328 multa
694 3272 752 3327 alia
765 3289 826 3328 esse
840 3271 966 3340 fortuita
984 3288 1041 3327 non
1054 3274 1150 3328 tamen

142 3361 157 3400 a
177 3344 335 3400 Stoicorum
351 3346 446 3399 mente
466 3343 634 3398 divinationi
652 3343 791 3411 subiecta;
810 3342 912 3398 deinde
932 3343 956 3397 si
974 3343 1093 3399 fortuita
1111 3343 1152 3397 di-

142 3417 248 3480 cantur,
267 3431 338 3485 quae
355 3431 446 3484 neque
465 3413 574 3470 ratione
592 3431 682 3485 neque
700 3417 760 3469 arte
778 3413 921 3485 provideri
938 3413 1057 3485 possint,
1077 3414 1151 3484 quod

140 3486 171 3541 in
195 3486 307 3541 fortuna
329 3486 423 3558 posita
446 3485 516 3555 sint,
538 3485 645 3540 nnllam
667 3501 751 3556 posse
769 3500 865 3539 earum
882 3501 975 3540 rerum
994 3501 1055 3540 esse
1073 3500 1152 3556 prae·

142 3555 307 3613 sensionem.
345 3557 394 3612 Sin
416 3559 511 3613 autem
532 3555 621 3613 Stoici
638 3558 744 3628 negent
761 3572 823 3611 esse
841 3555 981 3611 inmunem
1001 3557 1031 3611 et
1049 3555 1151 3621 omnia

883 3643 937 3700 13*
