2654 3912
178 178 245 243 432
574 178 624 232 DE
642 177 798 234 LEGIBUS

177 322 261 378 taret.
298 320 388 385 Quam
413 321 450 376 ob
474 336 534 374 rem
557 322 771 390 discriptionem
793 319 1012 389 magistratuum
1034 316 1196 373 Romanam

177 389 296 446 retinuit
319 407 371 447 neo
395 391 516 445 multum
541 390 639 446 attulit
661 390 736 445 novi.
773 388 978 460 Explicationis
1001 405 1107 459 magna
1123 405 1195 459 pars

177 461 300 529 interiit,
323 462 354 516 in
376 477 411 517 ea
434 464 542 529 autem,
565 476 636 530 quae
654 461 772 525 mansit,
796 460 927 531 egregiae
946 462 976 514 et
994 460 1136 529 sapientes
1155 459 1194 514 de

178 532 368 603 legationibus
387 533 492 600 liberis,
511 532 546 588 de
564 533 707 602 potestate
726 531 887 599 tribunicia,
907 532 941 585 de
961 533 1074 586 senatus
1089 530 1212 593 sanati,

177 606 237 659 tate
256 606 286 660 et
302 604 363 659 inte
400 602 477 670 tate,
495 603 531 659 de
549 602 660 673 legibus
678 602 837 659 tabellariis
855 603 908 658 ete.
928 601 1135 684 disputationes
1150 619 1196 656 re·

177 674 331 746 pariuntur.
364 621 531 746 inepilogo
546 673 740 743 significantur
753 673 898 742 librorum,
917 672 966 742 qui
978 672 1196 739 interciderunt,

178 745 409 816 consequentium
427 743 587 802 summaria.

140 1007 160 1064 1

146 1081 160 1126 1

245 1035 385 1100 Murrus.
408 1028 533 1117 Sequar
555 1030 671 1118 igitur,
699 1034 737 1097 ut
758 1030 901 1115 institui,
928 1028 1074 1096 divinum
1095 1030 1196 1096 illurn

178 1122 299 1206 virum,
326 1143 423 1206 quern
452 1120 592 1205 quadam
619 1119 834 1185 admiratione
855 1122 1038 1185 commotus
1062 1119 1195 1205 saepius

177 1212 320 1277 fortasse
342 1210 449 1296 laudo,
472 1231 571 1294 quam
593 1230 723 1274 neeesse
747 1211 806 1273 est.
850 1209 928 1276 Ara
949 1207 1123 1274 Platonem
1146 1208 1194 1273 vi-

180 1299 297 1365 delieet
320 1298 408 1364 dieis.
447 1299 497 1364 M.
519 1297 625 1363 Istum
648 1298 765 1382 ipsum,
788 1296 908 1363 Attice.
945 1297 1022 1364 Am.
1045 1296 1094 1362 Tu
1113 1318 1196 1362 vero

180 1410 254 1454 eum
280 1409 340 1453 neo
365 1386 464 1453 nimis
491 1386 587 1451 valde
613 1407 770 1470 umquam
795 1407 856 1452 neo
881 1385 980 1451 nimis
1003 1407 1101 1471 saepe
1123 1385 1225 1450 lau-⁶

180 1476 322 1562 dareris,
344 1498 422 1541 nam
444 1475 507 1541 hoe
529 1474 612 1540 mihi
630 1474 730 1541 etiam
748 1473 854 1540 nostri
871 1474 931 1559 illi,
955 1473 1011 1559 qui
1029 1473 1195 1540 neminem

179 1565 244 1633 nisi
262 1587 357 1630 suum
375 1564 504 1630 laudari
521 1564 646 1647 volunt,
669 1562 858 1647 concedunt,
880 1566 918 1628 ut
936 1585 1009 1629 eum
1029 1562 1195 1628 arbitratu

179 1676 251 1721 meo
284 1653 430 1740 diligam.
478 1652 527 1719 M.
556 1650 645 1717 Bene
674 1652 782 1717 hercle
812 1649 946 1717 faciunt.
991 1649 1075 1727 Quid
1105 1651 1195 1716 enim

179 1747 231 1809 est
253 1741 419 1829 elegantia
440 1746 498 1807 tua
517 1740 669 1827 dignius?
693 1742 784 1806 ouius
803 1744 837 1805 91
854 1741 924 1806 vita
941 1743 975 1805 et
993 1740 1099 1806 oratio
1119 1761 1194 1806 eon·

180 1835 292 1898 secuta
310 1830 391 1896 mihi
409 1829 537 1895 videtur
556 1829 783 1895 difficillimam
802 1829 896 1894 illam
914 1829 1104 1894 societatem
1120 1847 1235 1914 gra-1⁰

179 1919 293 1986 vitatis
322 1941 395 1986 oum
417 1918 631 1984 humanitate.
675 1919 752 1986 Am.
775 1914 859 1984 Sane
882 1918 1023 2005 gaudeo,
1051 1916 1136 2002 quod
1159 1921 1195 1983 te

179 2007 401 2094 interpellavi,
433 2007 587 2093 quoniam
620 2007 750 2092 quidem
779 2011 850 2072 tam
878 2007 1084 2092 praeclarum
1112 2005 1194 2071 mihi

181 2096 298 2163 dedisti
325 2095 436 2162 iudicii
457 2096 508 2162 tui
530 2095 763 2161 testimonium.
805 2094 868 2160 Sed
889 2116 999 2181 perge,
1021 2097 1060 2160 ut
1082 2116 1194 2180 coepe

144 2195 244 2251 tras.
280 2184 328 2251 M.
351 2185 534 2249 Laudemus
557 2183 660 2270 igitur
681 2183 772 2268 prius
795 2184 903 2270 legem
926 2184 1032 2269 ipsam
1054 2184 1140 2248 veris
1159 2187 1194 2249 et

181 2272 323 2360 propriis
344 2273 471 2357 generis
491 2272 542 2338 sui
560 2272 721 2337 laudibus.
751 2271 829 2339 Am.
843 2269 927 2337 Sane
945 2272 1086 2357 quidem,
1109 2272 1195 2338 siout
1209 2289 1233 2329 1⁵

181 2363 220 2428 de
243 2360 440 2447 religionum
463 2360 536 2445 lege
558 2360 677 2426 fecisti.

246 2450 295 2516 M.
318 2447 446 2515 Videtis
474 2449 577 2536 igitur
603 2449 818 2535 magistratus
845 2449 930 2516 hano
953 2471 1025 2515 esse
1047 2449 1128 2534 rim,
1154 2453 1193 2515 ut

180 2538 305 2625 praesit
322 2538 587 2624 praescribatque
606 2541 695 2603 reeta
714 2542 747 2602 et
765 2538 861 2603 utilia
880 2542 913 2602 et
931 2538 1103 2605 coniuncta
1119 2560 1193 2604 oum

180 2628 319 2716 legibus.
368 2625 416 2693 Ut
452 2627 538 2693 enim
570 2626 818 2713 magistratibus
849 2628 953 2713 leges,
989 2627 1038 2692 ita
1069 2627 1193 2712 populo

180 2720 337 2803 praesunt
366 2716 595 2803 magistratus,
624 2737 763 2800 vereque
793 2714 856 2781 diei
882 2718 993 2800 potest
1019 2715 1193 2802 magistra·
1207 2732 1233 2772 20

181 2809 252 2871 tum
275 2806 382 2891 legem
406 2827 477 2870 esse
499 2805 696 2890 loquentem,
718 2804 826 2889 legem
849 2808 958 2869 autem
980 2808 1108 2869 mutum
1127 2828 1194 2869 ma-

146 2894 368 2981 ugistratum.
413 2892 507 2959 Nihil
534 2915 633 2979 porro
662 2896 732 2958 tam
760 2896 873 2978 aptum
901 2896 952 2958 est
978 2893 1020 2958 ad
1046 2893 1097 2959 ius
1121 2915 1194 2959 eon-

182 2983 404 3067 dioionemqua
430 2986 567 3048 naturae
594 2979 696 3068 (quod
723 3003 821 3067 quom
849 2980 934 3066 dieu,
961 2982 1068 3068 legem
1099 3004 1120 3048 a
1142 3003 1194 3047 me

182 3070 245 3137 diei
266 3069 417 3157 intellegi
439 3068 530 3157 volo)
553 3092 651 3156 quam
673 3069 860 3155 imperium,
883 3069 952 3135 sine
975 3093 1039 3156 quo
1062 3092 1122 3135 nee
1140 3071 1195 3136 do

181 3181 255 3225 mus
284 3159 352 3225 ulla
381 3181 440 3225 neo
467 3159 582 3225 civitas
609 3180 668 3224 nea
691 3180 772 3245 gens
794 3181 853 3224 neo
875 3158 1045 3225 hominum
1068 3159 1194 3224 univer·
1208 3176 1234 3217 aa

183 3269 255 3313 sum
288 3269 390 3333 genus
422 3249 510 3313 stare
539 3268 598 3313 neo
624 3268 733 3313 rerum
759 3251 878 3313 natura
905 3248 1010 3314 omnis
1038 3270 1097 3314 nae
1123 3248 1194 3333 ipse

182 3336 321 3400 mundus
339 3337 463 3420 potest,
480 3357 557 3400 narn
576 3334 676 3401 ethio
690 3335 749 3401 deo
763 3340 868 3421 paret,
882 3340 916 3402 et
928 3336 1004 3403 huia
1017 3336 1195 3403 oboediunt

182 3423 287 3488 maria
317 3427 502 3507 terraeque,
536 3427 570 3488 et
597 3422 767 3489 hominum
797 3424 868 3490 vita
895 3424 993 3491 iussis
1024 3447 1194 3511 supremae

143 3489 164 3606 Ξ
182 3511 266 3598 legis
291 3511 505 3597 obtemperat.
541 3511 651 3598 Atque
673 3515 711 3577 ut
734 3513 775 3578 ad
797 3512 877 3578 haee
895 3513 1048 3580 citeriora
1066 3514 1192 3579 veniam
