2652 3908
381 231 450 286 ΜΒ.
465 232 517 288 ’Πι
541 231 750 288 efflas-as·
773 239 921 300 §os—71.
1094 234 1154 298 131

149 398 291 461 campus,
313 376 403 461 socii,
425 376 619 462 provinciae,
642 379 689 462 ut,
708 399 803 462 quem
822 378 1013 445 admodum
1030 373 1157 445 ratione

148 469 235 530 recte
257 465 326 550 fiat,
349 464 395 530 sic
413 463 540 531 ratione
556 470 716 551 peccetur,
739 467 994 553 alterumqueet
1012 468 1156 554 apaucis

148 558 182 618 et
210 575 299 637 raro,
332 554 472 619 alterum
499 557 543 619 et.
562 574 658 640 saepe
686 558 720 621 et
746 577 767 621 a
793 555 957 640 plurimis,
988 560 1028 622 ut
1053 558 1157 622 satius

147 642 248 707 fuerit
269 641 396 709 nullam
419 642 550 708 omnino
572 643 668 708 nobis
692 643 780 709 adis
798 645 1028 710 inmortalibus
1046 644 1158 710 datam

122 748 219 795 essse
247 731 409 799 rationem
437 752 534 816 quam
561 735 658 797 tanto
683 752 756 799 oum
783 732 924 817 pernicie
947 733 1079 799 datam·
1110 732 1158 799 Ut

147 819 260 884 vinum
287 818 446 906 aegrotis,
473 818 550 904 quia
571 820 706 904 prodest
726 841 815 905 raro,
840 825 937 886 uocet
960 820 1157 908 saepissime,

149 907 266 972 melius
287 910 339 973 est
360 928 428 972 non
449 908 602 974 adhibere
626 909 757 974 omnino
781 931 879 993 quam
898 931 955 995 spe
973 909 1090 976 dubiae
1109 932 1158 976 sa

149 996 228 1060 lutis
250 996 285 1060 in
309 994 456 1081 apertam
473 996 650 1082 perniciem
665 996 837 1082 incurrere,
859 997 907 1064 sic
923 997 1011 1064 haud
1029 999 1096 1065 scio
1116 1021 1159 1064 an
1188 1008 1192 1015 ’

149 1084 265 1149 melius
293 1083 393 1150 fuerit
422 1084 565 1150 humano
596 1085 707 1171 generi
736 1086 991 1152 motumxistum
1014 1087 1158 1154 'celerem

111 1191 136 1230 ιο
149 1172 369 1259 cogitationis,
390 1186 543 1257 acumen,
557 1173 747 1258 sollertiam,
771 1196 869 1259 quam
886 1175 1047 1242 rationem
1065 1198 1158 1243 roca·

150 1282 235 1346 mus,
264 1260 417 1346 quoniam
443 1261 600 1348 pestifera
623 1266 674 1328 est
695 1262 821 1347 multis,
849 1263 1023 1329 admodum
1045 1265 1157 1350 paucis

149 1351 319 1434 salutaris,
335 1372 404 1417 non
425 1350 496 1416 dari
514 1350 645 1416 omnino
665 1373 763 1436 quam
781 1355 850 1417 tam
868 1351 1018 1418 munifice
1036 1358 1071 1418 st
1088 1359 1157 1418 tam

148 1439 241 1526 large
264 1439 344 1516 dari.
380 1437 485 1515 Quam
507 1438 637 1505 obrem
657 1439 686 1504 si
703 1461 795 1506 mens
813 1439 1029 1525 voluntasque
1048 1441 1157 1508 divina
1176 1455 1209 1505 το

147 1527 266 1594 idcirco
295 1528 458 1605 consuluit
485 1527 686 1612 hominibus,
713 1528 800 1614 quod
826 1528 867 1594 iis
890 1533 941 1594 est
963 1529 1086 1617 largita
1107 1554 1157 1596 ra·

109 1635 135 1674 1⁵
148 1617 281 1701 tionem,
303 1616 343 1697 iis
367 1617 447 1689 solis
470 1616 644 1701 consuluit,
666 1638 747 1702 quos
765 1617 996 1684 honoratione
1015 1618 1157 1704 donavit,

149 1727 230 1792 quos
247 1705 404 1791 videmus,
426 1705 455 1771 si
473 1705 569 1771 modo
588 1705 649 1770 ulli
666 1709 753 1789 sunt,
775 1709 845 1770 esse
862 1728 1049 1792 perpaucos.
1081 1706 1157 1774 Non

148 1795 258 1880 placet
284 1799 394 1860 autem
422 1793 534 1880 paucis
561 1816 582 1860 a
609 1792 658 1858 dis
685 1792 915 1860 inmortalibus
938 1817 1009 1861 esse
1031 1797 1157 1862 consul·

148 1888 233 1967 turn,
256 1883 403 1968 sequitur
426 1905 514 1969 ergo,
536 1885 574 1948 ut
595 1881 718 1948 nemini
740 1883 925 1948 consultum
949 1885 1002 1950 sit.

236 1970 321 2037 Huic
349 1972 422 2038 loco
450 1972 496 2037 sie
519 1969 632 2036 soletis
655 1992 835 2037 occurrere:
861 1993 928 2038 non
950 1972 1068 2040 idcirco
1090 1977 1208 2044 non28

110 2079 135 2117 2⁰
149 2064 281 2146 optume
303 2060 399 2126 nobis
423 2081 443 2125 a
466 2059 515 2124 dis
538 2080 609 2125 esse
627 2059 803 2146 provisum,
826 2061 913 2146 quod
931 2061 1027 2127 multi
1045 2084 1156 2128 eorum

147 2149 302 2214 beneficio
330 2170 482 2235 perverse
509 2152 692 2233 uterentur3
719 2149 819 2213 etiam
845 2149 1052 2234 patrimoniis
1076 2152 1157 2217 mul·
1207 2183 1209 2187 ’

147 2242 200 2304 tos
229 2237 315 2303 male
344 2236 408 2321 uti,
436 2259 497 2303 nec
525 2237 668 2303 obeam
690 2259 822 2303 oausam
845 2259 900 2304 eos
923 2239 1114 2306 beneficium
1137 2263 1157 2306 a
1187 2249 1188 2252 ’

146 2327 296 2413 patribus
327 2326 456 2391 nullum
487 2325 617 2391 habere.
667 2323 887 2412 Quisquamne
903 2327 1003 2397 ⁴istuc
1033 2330 1156 2416 negat?

148 2420 205 2480 aut
228 2437 310 2499 quae
333 2415 442 2480 estin
464 2414 638 2481 collatione
660 2413 726 2480 ista
743 2414 946 2481 similitudo?
981 2415 1052 2483 Nec
1069 2419 1156 2483 enim

108 2519 135 2560 2⁵
149 2502 284 2568 Herculi
309 2524 425 2570 nocere
447 2501 603 2569 Deianira
624 2503 742 2589 voluit,
770 2526 843 2569 cum
866 2505 896 2571 ei
918 2505 1062 2583 tunicam
1085 2528 1156 2572 san-

149 2591 246 2676 guine
268 2589 423 2657 Centauri
451 2591 590 2659 tinctam
618 2590 720 2676 dedit,
747 2614 807 2658 neo
826 2593 988 2678 prodesse
1010 2593 1155 2660 Pheraeo

148 2679 258 2744 Iasoni
280 2679 319 2763 is,
342 2680 398 2765 qui
421 2680 531 2767 gladio
554 2680 715 2745 vomicam
731 2681 807 2745 ,eius
830 2683 967 2768 aperuit,
990 2704 1088 2767 quam
1106 2704 1155 2748 sa

147 2773 226 2833 uare'
248 2768 364 2834 medici
385 2789 451 2833 nou
474 2769 657 2854 potuerant
701 2767 800 2846 Multi
822 2769 909 2851 enim
932 2773 978 2855 et,
1005 2791 1078 2836 cum
1101 2772 1156 2836 ob·

148 2877 220 2922 esse
242 2856 378 2941 vellent,
405 2856 598 2942 profuerunt
620 2860 666 2940 ot,
688 2879 764 2922 cum
783 2857 950 2943 prodesse,
974 2857 1156 2925 obfuerunt.

108 2963 135 3004 ω
147 2945 201 3012 Ita
222 2966 289 3010 non
310 2945 350 3010 fit
371 2966 411 3010 ex
433 2966 487 3029 eo,
513 2944 601 3030 quod
622 2945 732 3030 datur,
753 2949 791 3011 ut
813 2947 965 3013 uoluntas
989 2947 1072 3031 eius,
1100 2947 1156 3033 qui

147 3034 285 3120 dederit,
308 3036 479 3120 appareat,
501 3055 569 3117 nec,
592 3032 621 3098 si
643 3033 681 3119 is,
705 3033 760 3120 qui
783 3034 916 3119 accepit,
938 3035 1020 3100 bene
1043 3036 1269 3153 miffar-‘N

145 3122 265 3191 idcirco
287 3123 330 3207 is,
353 3121 410 3208 qui
433 3121 535 3206 dedit,
557 3121 659 3188 amice
682 3121 779 3188 dedit.
800 3180 802 3183 .
823 3120 912 3198 Quae
935 3122 1021 3189 enim
1044 3123 1205 3209 libido,'11

146 3235 229 3298 quae
259 3211 412 3296 avaritia,
442 3210 529 3296 quod
557 3210 682 3276 facinus
710 3214 768 3277 aut
795 3211 971 3296 suscipitur
997 3212 1061 3278 nisi
1084 3234 1154 3279 conr

146 3301 221 3367 silio
244 3304 341 3387 capto
364 3300 423 3367 aut
445 3298 515 3364 sine
538 3298 755 3365 animimotu
772 3303 805 3366 et
824 3300 1031 3402 cogitatione,
1053 3299 1157 3366 idest

107 3405 133 3447 ³⁶
146 3389 287 3474 ratione,
313 3387 502 3473 perficitur?
547 3386 634 3453 Nam
661 3386 766 3452 omnis
790 3388 900 3474 opimo
923 3389 1009 3454 ratio
1033 3392 1096 3473 est,
1123 3393 1157 3454 st

147 3477 274 3560 quidem
292 3477 386 3547 ,bona
408 3477 507 3562 ratio,
531 3476 560 3541 si
581 3490 672 3561 vera,
695 3476 783 3545 mala
806 3480 924 3562 autem,
947 3476 976 3543 si
997 3475 1084 3543 falsa
1107 3480 1157 3542 est

148 3565 283 3650 opinio.⁴
302 3562 365 3633 Sed
384 3588 404 3632 a
422 3566 481 3633 deo
500 3568 630 3631 tantum
647 3565 809 3630 rationem
826 3565 994 3646 habemus,
1013 3565 1042 3631 si
1060 3565 1156 3630 modo

906 3668 943 3723 90
