2654 3912
259 197 1114 270 mummwmmfflm.w

106 345 217 409 laudat
237 343 273 408 iu
289 363 387 426 puero
406 343 604 427 (Verailius),
625 345 701 427 quia
715 343 802 425 faeta
819 365 882 410 uou
900 346 1025 410 iaoeuit.
1055 345 1116 412 Est

105 438 210 498 autem
231 431 386 499 amonis
407 433 442 498 iu
464 433 600 516 cliuum:
626 431 740 514 Fanni,
763 454 861 498 eausa
883 432 1025 499 difficilis
1048 433 1115 498 lau·

107 521 185 586 dare
208 542 359 606 puerum3
380 542 446 586 non
469 521 556 588 enim
578 542 630 586 ros
652 520 823 606 laudanda,
846 521 904 586 sed
927 543 1000 607 spes
1024 525 1083 586 est.

145 653 146 657 =
175 609 204 673 6.
230 610 373 674 Laetaut.
399 611 470 676 iust.
497 611 556 675 aliu
578 609 602 675 1
626 615 677 677 18.
699 614 823 693 naqa.
854 611 952 693 Apud
971 611 1115 676 Euuium

78 699 152 763 ssia
174 697 309 779 loquitur
329 697 519 778 Africanus:

153 783 192 849 Si
218 785 278 851 fas
303 785 398 851 endo
421 786 561 873 plagas
583 786 795 853 caelestum
814 787 1020 854 ascendere
1039 787 1115 854 oui-

820 879 1027 960 onomast,

196 961 247 1026 Mi
270 962 348 1027 soli
371 962 469 1028 caeli
491 962 656 1028 maxima
677 967 793 1049 porta
813 968 937 1049 patet,

106 1052 220 1117 seilicet
248 1052 325 1133 quia
354 1070 503 1135 maauam
522 1057 645 1134 aarum
668 1054 788 1136 quaeris
813 1052 946 1118 humaui
970 1054 1118 1120 ustiuait

107 1160 145 1204 aa
156 1140 301 1222 perdidit.
335 1138 503 1223 Oquautis
520 1141 555 1205 iu
573 1141 710 1219 taetra,
731 1141 892 1221 Afiioaue,
913 1147 1051 1208 uersatus
1067 1142 1116 1209 es!

68 1245 94 1285 ιο
108 1229 154 1293 uel
175 1229 282 1310 potius
309 1248 326 1293 o
348 1233 454 1311 potita,
481 1229 536 1311 qui
556 1248 616 1311 per
637 1230 740 1295 taeda
762 1234 793 1294 et
811 1232 993 1313 sauauiuem
1010 1225 1117 1314 patere

108 1316 283 1383 homiuibus
308 1317 343 1382 iu
370 1317 487 1383 multu
513 1336 672 1384 ascensum
688 1318 866 1400 putaueras!
902 1317 963 1384 Oui
983 1321 1117 1385 vanitati

108 1406 202 1470 etiam
224 1404 327 1470 Cicero
349 1407 492 1471 adsensit.
527 1405 590 1470 Est
610 1426 698 1488 vero,
719 1407 829 1488 iuquit,
851 1404 1018 1491 Africane3
1039 1429 1116 1473 nam

110 1496 143 1558 et
165 1493 300 1560 Herculi
322 1493 435 1559 eadem
456 1493 523 1559 istu
544 1497 641 1580 porta
662 1495 779 1580 patuit.
919 1544 921 1547 -

178 1583 207 1647 l.
238 1581 353 1649 Seneca
378 1583 463 1665 apat.
490 1587 561 1648 108.
586 1587 632 1650 32
653 1603 697 1665 sq.
728 1583 861 1650 Eosdem
887 1583 981 1650 latras
1006 1585 1059 1667 (cle
1084 1605 1119 1651 re

26 1688 29 1693 '
71 1689 96 1728 1⁵
105 1670 246 1755 publiea)
263 1691 343 1736 uum
365 1672 589 1755 arammatious
614 1673 772 1755 explicuit,
793 1673 935 1755 paruum
955 1673 1047 1738 uerba
1067 1693 1118 1739 ea·

105 1779 214 1843 pressa
241 1780 355 1844 reapse
377 1760 440 1825 aaa·
460 1780 482 1824 a
503 1758 656 1838 Cumana,
677 1761 714 1825 iil
732 1765 778 1826 est
799 1760 844 1825 ‘re
864 1759 955 1844 ipsa,
982 1762 1018 1826 iu
1039 1781 1118 1826 mm·
1203 1819 1208 1825 ,

110 1849 296 1913 tuoutarium
326 1849 431 1929 refert,
462 1868 517 1913 aaa
547 1849 652 1915 miuus
683 1868 789 1934 sepse,
820 1850 857 1914 iil
884 1853 930 1915 est
956 1847 1003 1915 ‘se
1027 1847 1116 1931 aase'.

110 1936 231 2003 Deiade
257 1938 373 2002 traiuit
397 1938 441 2002 ad
465 1957 514 2015 ea,
541 1957 619 2018 quae
640 1937 957 2003 consoletudo'saeouli
978 1940 1118 2017 mutauit,

112 2031 270 2108 tamquam
301 2027 350 2090 ait
375 2023 495 2092 Oieero:
527 2022 687 2100 Quoniam
720 2046 831 2091 sumus
860 2025 902 2090 ab
928 2025 1002 2111 ipsa
1030 2027 1119 2093 oaloe

71 2131 98 2171 νο
112 2114 180 2180 eius
198 2113 462 2200 interpellatione
480 2114 632 2179 revocati.
662 2113 766 2192 Hauc,
784 2133 879 2196 quatu
896 2134 979 2179 uitae
991 2114 1027 2180 iu
1039 2117 1119 2181 eirea

54 2232 60 2241 ¹
112 2201 245 2269 ‘aetatu'
269 2222 419 2282 vocamus,
442 2201 574 2268 ‘aloem'
592 2202 716 2285 antiqui
732 2202 878 2268 dicebaut.
913 2201 1034 2268 Deiude
1050 2204 1117 2270 Eu·

111 2292 223 2358 etiams
253 2292 369 2376 oolliyit
397 2311 502 2357 vasus
532 2295 561 2356 at
591 2293 627 2356 iu
650 2292 768 2374 prium
798 2291 869 2357 illos
900 2291 937 2357 de
964 2291 1119 2372 Afrieauo

110 2381 253 2465 scriptos:

511 2468 572 2534 oui
594 2490 703 2533 nemo
727 2468 823 2552 civit
846 2489 969 2552 neque
991 2466 1120 2533 hostis

73 2571 100 2614 a
157 2554 289 2631 Quivit
311 2578 380 2640 pro
403 2554 519 2622 saetis
541 2556 701 2623 reddere
723 2579 792 2642 par
814 2555 986 2642 pretium.

180 2645 209 2709 8.
241 2646 426 2728 Aiiouymus
457 2645 626 2711 Paradoaa
656 2645 805 2711 Koroaue
840 2645 927 2728 apud
956 2644 1119 2711 Bielowsle.

113 2732 253 2815 Pompeii
277 2733 372 2816 Proui
391 2734 505 2818 traam.
521 2756 556 2818 12.
578 2734 650 2799 XV
665 2754 709 2816 sq.
735 2732 826 2799 Reate
849 2732 952 2800 Oiaero
974 2733 1010 2798 iu
1032 2732 1121 2798 litoris

112 2822 149 2886 ae
173 2841 207 2885 re
228 2821 355 2903 publiea
380 2824 518 2905 suipsil:
551 2821 750 2908 Quicumque
778 2821 883 2907 opulis
906 2825 940 2886 et
962 2820 1119 2886 conviviis

114 2912 146 2973 et
169 2909 353 2996 sumptibus
377 2910 648 2977 existimationem
667 2910 835 2976 hominum
854 2909 918 2975 sibi
936 2909 1121 2994 consiliant,

75 3015 100 3055 νο
113 2999 223 3083 palam
251 2999 426 3064 ostendunt
452 2999 516 3064 sibi
543 3022 656 3065 verum
683 2999 793 3083 decus,
823 2997 909 3083 quod
936 3020 975 3063 ex
997 2998 1119 3064 virtute

114 3108 151 3152 ue
174 3086 333 3173 dignitato
355 3087 509 3172 nascitur,
532 3088 675 3154 deficere.

180 3176 209 3242 9.
237 3175 308 3241 Cael.
327 3197 529 3242 mausueta.
548 3180 613 3243 458
624 3198 658 3259 p.
673 3179 718 3242 62
736 3174 868 3240 uiolata.
888 3173 1120 3242 Ossoliuiauaa:

113 3261 215 3329 Cicero
242 3265 278 3328 cle
303 3265 497 3349 republica:
525 3263 641 3330 leniter
664 3266 762 3349 atque
784 3262 910 3349 placide
933 3263 1027 3347 fides,
1054 3285 1123 3329 non

112 3350 145 3417 vi
168 3355 201 3416 et
223 3351 357 3439 impetu,
379 3353 508 3421 concuti
530 3352 661 3417 debere.
676 3400 706 3417 ..
