2630 3904
204 224 247 289 22
511 221 560 276 DE
579 219 731 276 NATURA
749 221 904 277 DEORUM

152 381 185 432 54
204 369 327 434 exitum
353 389 421 433 non
446 367 599 453 potestis,
627 367 803 453 confugitis
826 367 868 433 ad
891 366 1000 452 deum3
1028 368 1119 433 cuius
1144 391 1224 454 ope·

203 478 275 523 ram
297 456 444 541 profecto
467 478 533 522 non
556 454 791 539 desideraretis,
815 456 843 521 si
866 457 1048 522 inmensam
1066 462 1100 522 et
1118 457 1225 522 inter·

203 545 363 612 minatam
384 544 420 609 in
442 544 547 611 omnis
570 544 675 630 partis
698 545 958 632 magnitudinem
980 546 1155 632 regionum
1174 548 1225 611 vi·

204 635 336 717 daretis,
363 633 400 699 in
426 655 525 719 quam
553 654 587 698 se
610 633 745 700 iniciens
768 634 895 699 animus
919 638 952 700 et
973 634 1146 700 intendens
1172 636 1224 700 ita

204 723 272 789 late
303 723 465 808 longeque
496 722 737 808 peregrinatur,
767 725 806 787 ut
826 722 954 791 nullam
981 728 1092 790 tamen
1123 743 1249 790 orama

203 811 314 879 ultimi
339 811 462 892 videat,
490 809 526 874 in
549 831 614 895 qua
635 811 741 896 possit
762 810 921 877 insistere.
966 810 1006 877 In
1029 812 1091 878 hae
1113 812 1224 900 igitur

203 899 413 965 inmensitate
449 898 674 982 latitudinum,
711 899 967 986 longitudinum,
1004 901 1223 966 altitudinum

203 988 334 1054 infinita
363 987 413 1052 vis
441 987 728 1053 innumerabilium
755 987 875 1053 volitat
902 992 1100 1073 atomorum,
1134 1012 1223 1074 quae

203 1077 373 1142 interiecto
401 1075 492 1140 inani
518 1075 750 1142 cohaerescunt
776 1080 887 1141 tamen
908 1077 994 1143 inter
1017 1099 1052 1143 se
1075 1082 1109 1143 et
1132 1079 1222 1143 aliae

204 1166 287 1231 alias
310 1163 587 1250 adprehendentes
610 1165 855 1249 continuanium
879 1187 918 1230 ex
940 1188 1005 1250 quo
1029 1165 1221 1232 efficiuntur
1234 1185 1259 1225 1⁰

204 1276 261 1319 eae
292 1275 401 1318 rerum
427 1252 552 1318 formae
579 1257 613 1318 et
638 1253 777 1340 figurae,
810 1275 892 1339 quas
918 1274 979 1320 vos
1007 1254 1092 1320 effici
1118 1277 1220 1341 posse

206 1343 274 1407 sine
300 1341 436 1408 follibus
464 1345 498 1406 et
524 1341 694 1407 incudibus
718 1363 786 1407 non
807 1342 942 1427 putatis.
986 1341 1102 1429 Itaque
1124 1344 1220 1429 inpo-

205 1430 316 1497 suistis
348 1429 384 1495 in
415 1430 593 1495 cervicibus
624 1431 747 1496 nostris
777 1431 1012 1516 sempiternum
1038 1432 1218 1516 dominum,

205 1542 301 1606 quem
320 1519 388 1585 dies
406 1523 440 1584 et
457 1523 570 1585 noctes
589 1520 787 1585 timeremus.
823 1518 903 1596 Quis
918 1521 1004 1585 enim
1017 1542 1084 1586 non
1098 1521 1218 1586 timeat

205 1609 314 1674 omnia
336 1606 560 1693 providentem
582 1612 615 1673 et
633 1609 832 1695 cogitantem
851 1611 884 1673 et
902 1609 1256 1675 animadvertentem

205 1702 238 1763 et
265 1697 375 1762 omnia
401 1697 443 1761 ad
470 1718 505 1761 se
527 1697 689 1781 pertinere
711 1701 883 1782 putantem
906 1697 1069 1763 curiosum
1092 1702 1126 1763 et
1148 1699 1217 1783 ple

151 1803 185 1854 55
203 1808 283 1851 num
308 1785 434 1870 negotii
462 1785 580 1851 deum?
625 1785 710 1850 Hinc
737 1785 831 1850 vobis
859 1785 968 1850 extitit
990 1786 1134 1871 primum
1156 1788 1218 1852 illa
1300 1820 1301 1823 ¹

203 1873 316 1940 fatalis
338 1873 530 1957 necessitas,
558 1895 655 1959 quam
679 1872 883 1959 εἱμαρμένην
907 1873 1027 1959 dicitis,
1054 1879 1105 1959 ut,
1129 1877 1217 1961 quio·

204 1962 281 2048 quid
304 1962 437 2045 accidat,
460 1962 494 2027 id
517 1984 557 2026 ex
579 1966 712 2027 aeterna
729 1962 869 2028 veritate
887 1983 1124 2048 causarumque
1141 1986 1216 2030 con·

203 2051 385 2117 tinuatione
407 2051 538 2115 fluxisse
561 2050 686 2115 dicatis.
730 2048 853 2127 Quanti
875 2056 985 2116 autem
1007 2051 1087 2117 haec
1109 2052 1215 2138 philo
1229 2072 1255 2110 ro

204 2139 321 2225 sophia
348 2138 551 2205 aestimanda
578 2143 642 2223 est,
670 2138 722 2204 cui
749 2143 918 2225 tamquam
941 2140 1092 2226 aniculis,
1119 2146 1153 2206 et
1173 2141 1215 2206 iis

204 2228 334 2315 quidem
356 2227 505 2312 indoctis,
527 2227 597 2292 fato
616 2227 687 2292 fieri
704 2228 876 2294 videantur
893 2230 1025 2294 omnia?
1062 2227 1216 2314 Sequitur

204 2312 344 2402 μαντικὴ
372 2319 496 2399 restra,
527 2337 610 2400 quae
632 2315 748 2381 Latine
771 2317 963 2382 divinatio
986 2318 1118 2403 dicitur,
1150 2341 1216 2404 qua

203 2409 298 2472 tanta
324 2405 533 2470 inbueremur
559 2404 804 2489 superstitione,
836 2406 866 2470 si
893 2427 951 2471 vos
979 2406 1090 2471 audire
1117 2408 1214 2473 velle

203 2515 286 2578 mus,
308 2497 346 2559 nt
359 2492 558 2578 haruspices,
581 2515 730 2580 augures,
748 2493 876 2578 harioli,
894 2498 996 2580 vates,
1015 2495 1212 2562 coniectores
1226 2513 1252 2554 2⁵

152 2593 184 2642 so
202 2583 299 2649 nobis
326 2584 435 2647 essent
462 2582 598 2647 colendi.
643 2581 704 2648 His
727 2582 908 2648 terroribus
932 2582 973 2648 ab
997 2583 1139 2670 Epicuro
1163 2606 1212 2650 so·

203 2672 267 2738 luti
289 2673 323 2736 et
342 2670 377 2735 in
395 2669 583 2735 libertatem
601 2670 756 2736 vindicati
773 2692 833 2736 neo
850 2671 1026 2737 metuimus
1045 2694 1109 2756 eos,
1133 2695 1213 2758 quos

203 2759 425 2845 intellegimus
460 2780 519 2824 nec
555 2759 619 2824 sibi
649 2759 774 2845 fingere
804 2761 906 2825 ullam
938 2761 1125 2827 molestiam
1154 2784 1213 2829 neo

204 2848 301 2915 alteri
337 2868 504 2931 quaerere,
540 2852 574 2913 et
602 2848 656 2933 pie
688 2852 862 2933 sancteque
894 2849 1031 2915 colimus
1062 2854 1212 2917 naturam

204 2936 414 3004 excellentem
452 2938 550 3020 atque
584 2941 815 3022 praestantem.
869 2934 933 3003 Sed
966 2939 1072 3003 elatus
1105 2940 1252 3005 studioso

203 3046 317 3091 vereor
342 3045 384 3089 ne
411 3024 541 3110 longior
566 3024 694 3091 fuerim.
738 3025 820 3091 Erat
847 3028 957 3091 autem
984 3026 1118 3092 difficile
1145 3050 1212 3093 rem

203 3117 332 3180 tantam
372 3116 506 3198 tamque
545 3115 748 3199 praeclaram
788 3113 976 3180 inchoatam
1016 3115 1212 3201 relinquere3

205 3222 402 3288 quamquam
429 3223 496 3302 non
522 3205 593 3267 tam
620 3202 745 3268 dicendi
767 3203 852 3267 ratio
876 3203 958 3269 mihi
980 3204 1131 3270 habenda
1152 3205 1212 3271 fuit

11 3412 12 3419 ,
91 3462 100 3471 ,
151 3349 193 3475 {71
206 3290 503 3445 quaderhdlithdta
534 3378 682 3463 comiter,
714 3383 751 3443 ut
778 3379 919 3445 solebat:
951 3379 1069 3466 Atqui,
1100 3381 1249 3468 inquitas
1302 3400 1303 3457 l

204 3466 320 3552 Vellei,
345 3468 410 3533 nisi
432 3471 470 3532 tu
493 3466 616 3551 aliquid
639 3465 784 3552 dixisses,
805 3467 891 3532 nihil
914 3490 991 3533 sane
1015 3492 1054 3534 ex
1077 3492 1129 3534 me
1148 3471 1210 3554 qui-

204 3555 275 3621 dem
305 3556 416 3622 audire
442 3555 614 3639 potuisses.
659 3554 742 3620 Mihi
769 3555 855 3621 enim
882 3577 949 3621 non
971 3560 1041 3623 tam
1062 3557 1210 3624 iacilein
