2654 3924
201 206 267 269 348
569 204 619 259 ΒΕ
636 204 685 258 RE
703 204 859 260 PUBLICA

201 349 304 414 invidi
322 349 419 416 multi
435 354 493 416 aut
506 350 629 415 inimici
642 352 793 435 potentes
808 351 875 416 suis
889 350 1047 417 virtutem
1061 350 1233 435 praemiis

202 438 348 523 spoliant
365 438 409 523 (0
428 460 523 522 qoam
538 439 692 522 fraoitern,
710 459 805 521 quam
821 442 948 505 inanem
965 442 1109 506 virtatem
1126 440 1232 505 iader»

200 529 285 607 anti,
307 528 486 611 sispotrari
507 529 650 610 proemio
671 547 727 593 suo
743 529 861 611 potest!
898 528 985 608 Quae
1004 530 1034 594 si
1055 528 1139 594 bora
1162 549 1232 594 sua

201 617 310 682 (ticino
326 617 452 695 iudicat,
468 621 506 681 at
522 616 634 694 ambas,
652 618 707 698 qai
716 622 852 699 possunt
867 618 993 683 existere
1012 622 1077 682 tam
1089 619 1231 700 irrorati,

202 710 268 769 tam
285 706 398 784 invidi,
417 710 482 770 tom
493 709 640 788 pomata,
658 705 713 786 qai
729 705 873 769 aarum
889 706 1023 787 spoliare
1039 705 1168 771 valeam
1180 708 1230 769 iis
1243 724 1258 764 s

201 793 302 872 tortia
329 813 408 876 qaae
433 792 553 872 fuerint
578 794 613 857 iro
640 813 709 857 eam
731 793 844 858 coliata
864 793 1067 879 divinitati),
1093 794 1229 859 ncilla

203 903 248 966 ss,
270 882 381 964 inquit,
404 881 519 946 multis
541 880 674 946 solaciis
697 880 843 946 oblectat
865 882 1069 966 maximeque
1087 903 1148 947 suo
1168 883 1229 946 de-

202 991 278 1037 core
300 991 336 1035 se
358 970 432 1055 ipsa
454 972 626 1035 sustentat.
662 969 819 1052 (Laetaat.
837 972 911 1036 irest.
924 972 984 1035 dio.
1001 971 1091 1036 1⁷18.
1103 972 1228 1054 4-8)

269 1057 333 1125 Sed
347 1059 486 1124 videliet
501 1058 639 1124 tornines
655 1059 736 1123 docti
752 1063 843 1141 atque
859 1059 1012 1142 sopimtes
1029 1064 1137 1124 eontra
1155 1061 1227 1123 oim

203 1153 308 1213 tortae
338 1148 594 1213 auctoritatis...
635 1152 723 1212 carte
749 1147 810 1212 sibi
835 1149 1050 1231 craumentari
1075 1148 1227 1212 videntur
1241 1167 1266 1207 n

202 1237 349 1302 aaronis
366 1256 527 1318 moram
543 1237 792 1302 resecationem
809 1241 840 1301 et
855 1237 961 1314 dicere,
978 1236 1061 1319 qood
1076 1236 1111 1300 in
1129 1239 1227 1301 tertio

202 1327 240 1390 de
260 1344 295 1389 re
310 1324 439 1407 paona
461 1325 539 1390 libro
561 1346 583 1389 a
604 1323 747 1391 Oioerem
764 1329 1031 1390 commmoratum
1047 1329 1100 1390 eet.
1130 1324 1226 1389 Nam

203 1433 274 1479 eom
296 1413 462 1479 Herculem
484 1418 514 1479 et
530 1411 701 1478 Romaim
723 1433 762 1479 ea
783 1412 959 1479 taminatus
979 1414 1050 1478 deos
1071 1431 1133 1478 esse
1154 1411 1226 1492 fae-

203 1508 249 1570 tos
274 1509 471 1581 asseveraret,
499 1500 644 1578 Quorum
671 1523 738 1566 non
765 1504 1057 1587 conparataque,
1084 1502 1226 1566 suntin

203 1591 330 1658 caelum
362 1591 463 1674 elata3
494 1612 599 1675 neque
632 1590 718 1655 enim
747 1594 866 1655 natura
895 1594 1076 1676 pateretur,
1108 1593 1146 1654 ut
1176 1590 1223 1673 id,
1238 1606 1264 1649 ιε

203 1680 290 1764 quod
313 1683 399 1745 esset
422 1701 440 1744 e
462 1683 560 1763 terra,
582 1679 647 1744 nisi
664 1679 699 1743 in
717 1681 806 1744 terra
824 1682 980 1744 maneret.
1006 1678 1225 1762 (Arantinos

202 1771 239 1835 de
261 1770 315 1835 αὐ.
337 1770 386 1835 dei
408 1767 524 1833 XXII
541 1768 587 1851 4.)

269 1858 319 1923 M.
347 1857 472 1923 Tattius
505 1858 542 1921 de
570 1877 605 1921 re
629 1857 716 1939 publ.
743 1856 794 1921 irie.
821 1856 902 1921 III:
939 1854 1129 1941 Numquam
1156 1857 1223 1921 viri

202 1945 376 2013 fortissimi
393 1944 606 2028 fortitudinis,
622 1944 835 2030 inpigritatis‚
848 1944 1043 2031 patientiae.
1057 1995 1065 2010 .
1079 1994 1087 2009 .
1101 1994 1110 2011 .
1137 1942 1222 2028 (No-

203 2038 276 2101 nius
292 2057 328 2117 p.
350 2037 422 2101 125.
444 2035 514 2116 20.)
1235 2053 1264 2094 se

15 2182 16 2203 2
269 2124 319 2190 M.
334 2123 459 2188 Tattius
476 2124 513 2188 de
529 2144 563 2188 re
575 2122 661 2204 pact.
681 2123 731 2188 zo.
744 2123 825 2188 III:
847 2121 967 2208 Pyrrhi
984 2123 1136 2189 vidslicet
1155 2123 1221 2188 lar·

15 2214 17 2301 t
204 2213 293 2298 gitas
314 2210 465 2277 Fabricio
490 2215 547 2276 ant
565 2206 762 2277 Samnitium
784 2212 896 2298 copiae
915 2210 1014 2279 Curio
1038 2211 1221 2277 defucnmt.

15 2304 17 2381 t
203 2301 302 2384 (Nori.
319 2321 353 2383 p.
376 2303 447 2364 132.
470 2300 536 2384 17.)

16 2388 17 2431 ἓ
271 2389 320 2455 Μ.
343 2389 466 2454 notras
486 2390 523 2453 de
539 2409 574 2453 re
585 2389 671 2475 prbi.
690 2389 741 2455 tib.
759 2388 840 2455 III:
863 2386 962 2454 Cuius
986 2388 1086 2453 etiam
1107 2388 1220 2455 iocum

205 2476 287 2544 Cato
310 2477 368 2543 illc
390 2480 513 2563 noster,
534 2498 609 2544 cum
632 2481 766 2543 venerat
786 2478 827 2543 ad
846 2498 881 2542 sc
898 2477 934 2542 in
952 2474 1100 2561 Sabinos,
1121 2480 1161 2542 ut
1178 2498 1219 2541 cx
1233 2495 1260 2537 rs

204 2566 676 2721 {fittttittmnttst
694 2565 842 2720 {titt
866 2565 1218 2720 {nituisti

16 2736 19 2819 ᾗ
205 2766 348 2829 suorum,
367 2744 453 2810 dona
471 2678 707 2830 fegadiaverat.
730 2704 1218 2826 (Noa.1'0522.28eto.os.17.)

17 2838 18 2885 ἲ
151 2803 195 2931 Ξξ)
204 2863 232 2913 p.
252 2836 319 2915 249]
394 2832 560 2899 ....Asia
577 2831 625 2896 Ti.
645 2830 820 2916 Gracchus,
842 2831 1064 2917 perseveravit
1085 2833 1121 2896 in
1143 2830 1219 2897 civi·

204 2923 276 3005 bus,
299 2923 461 2988 sociorum
483 2920 689 3005 nominisque
702 2918 813 2985 Latini
834 2920 907 2985 iura
928 2919 1074 3006 neglexit
1097 2942 1134 2985 ao
1151 2919 1217 2985 foe·
1229 2937 1259 2980 so

205 3012 290 3076 dara
328 3009 417 3085 Quae
440 3010 469 3075 si
491 3010 690 3076 consuetudo
714 3030 752 3076 ao
772 3008 906 3075 lieentia
923 3030 1056 3073 manare
1075 3010 1217 3094 coeperit

203 3099 305 3166 latins
327 3098 563 3186 imperiumque
585 3101 735 3164 nostrum
758 3098 800 3164 ad
817 3097 885 3163 rim
903 3119 924 3162 a
941 3098 1011 3163 iure
1029 3096 1218 3182 traduxerit,

204 3192 257 3273 ut,
284 3189 341 3273 qui
369 3188 474 3254 adhuc
496 3188 667 3252 voluntate
689 3186 785 3253 nobis
808 3186 998 3269 oboediunt,
1025 3189 1150 3250 terrore
1172 3190 1217 3249 te·

204 3282 359 3362 neantur,
386 3276 449 3341 etsi
470 3274 581 3360 nobis,
604 3276 716 3359 quiid
739 3274 857 3341 aetatis
881 3296 1002 3358 eumne,
1025 3273 1217 3359 evigilatum

204 3364 273 3431 fere
297 3369 361 3449 est,
384 3368 496 3429 tamen
519 3363 557 3427 dc
580 3364 721 3449 posteris
743 3364 866 3429 nostris
890 3367 923 3428 et
946 3363 985 3428 de
1007 3363 1068 3427 illa
1089 3363 1256 3428 immor-es
1311 3420 1312 3425 ,

205 3454 338 3519 talitete
361 3451 581 3536 reipublicae
604 3451 774 3535 sollicitor,
797 3473 879 3536 quae
902 3454 1032 3535 poterat
1055 3472 1125 3515 csse
1148 3472 1217 3536 per-

205 3569 233 3621 p.
245 3544 310 3621 260]
329 3544 438 3626 petua,
457 3538 485 3603 si
503 3537 629 3626 patenis
648 3540 812 3605 viveretur
830 3539 992 3604 institutis
1011 3544 1045 3604 et
1063 3537 1217 3606 moribus.
