2654 3924
177 200 243 264 250
526 203 576 257 DE
594 203 837 260 DIVINATIONE

178 352 276 432 atque
298 348 467 414 hominum
488 347 737 414 inbecillitatem
760 349 939 435 occupavit.
983 349 1188 425 duodecin
1242 381 1260 397 .

177 437 218 502 iis
245 436 340 502 libris
363 437 571 520 dictumest,
599 437 754 521 quisunt
777 437 816 502 de
838 442 958 503 natura
980 439 1127 525 deorum,
1154 447 1190 507 et

178 526 240 591 hac
263 524 484 612 disputatione
502 525 535 590 id
554 547 703 591 maxume
722 525 856 610 egimus.
888 525 1033 595 Multum
1049 528 1136 593 enim
1155 533 1188 593 et

177 614 342 681 nobismet
363 614 444 700 ipsis
468 617 502 679 et
522 614 645 679 nostris
663 614 827 699 profuturi
845 615 1044 700 videbamur,
1067 617 1097 683 si
1115 640 1188 683 eam

178 703 323 768 funditus
348 702 601 767 sustulissemus.
640 702 709 769 Nec
731 725 808 769 vero
832 699 880 788 (id
903 704 989 769 enim
1012 705 1187 791 diligenter
1214 727 1227 766 s

175 791 328 878 intellegi
354 789 445 877 volo)
473 791 704 877 superstitione
731 791 878 857 tollenda
904 793 1022 879 religio
1048 794 1187 859 tollitur.

178 879 264 945 Nam
287 883 321 944 et
343 879 504 944 maiorum
525 879 679 944 instituta
696 879 782 944 tueri
800 881 901 945 sacris
920 882 1187 967 caerimoniisque

178 968 355 1034 retinendis
378 967 535 1053 sapientis
558 971 621 1052 est,
649 972 682 1032 et
705 989 776 1033 esse
798 973 1020 1054 praestantem
1043 971 1187 1055 aliquam

179 1061 407 1140 aeternamque
428 1059 594 1140 naturam,
617 1060 651 1121 et
672 1079 744 1121 eam
766 1057 1004 1142 suspiciendam
1028 1059 1187 1125 admiran-

178 1144 316 1230 da'mque
330 1145 498 1210 hominum
512 1145 625 1230 generi
636 1145 843 1229 pulchritudo
858 1147 968 1211 mundi
983 1147 1126 1232 ordoque
1140 1171 1187 1214 re·
1203 1169 1228 1207 10

128 1248 177 1298 149
186 1257 259 1299 rum
273 1233 462 1299 caelestium
476 1233 565 1319 cogit
578 1233 734 1299 confiteri.
757 1232 861 1309 Quam
875 1235 917 1300 ob
932 1257 1009 1320 rem,
1023 1241 1060 1301 ut
1069 1237 1187 1323 religio

177 1321 390 1408 propaganda
412 1321 512 1386 etiam
530 1327 589 1406 est,
612 1343 694 1405 quae
712 1326 763 1387 est
780 1323 891 1388 iuncta
909 1345 982 1389 cum
1001 1325 1187 1410 cognitione

177 1415 322 1494 naturae,
346 1411 392 1476 sic
408 1410 649 1495 superstitionis
668 1410 786 1495 stirpes
805 1433 917 1477 omnes
937 1412 1113 1498 eligendae.
1136 1412 1187 1478 In·

178 1504 246 1565 stat
264 1500 350 1564 enim
367 1503 400 1564 et
413 1503 509 1585 urget
524 1503 566 1581 et,
584 1520 648 1582 quo
663 1504 696 1563 te
711 1521 846 1584 cumque
860 1501 1006 1585 verteris,
1024 1503 1187 1586 persequi·

177 1593 241 1673 tur,
259 1588 328 1653 sive
341 1592 378 1653 tu
391 1592 501 1653 vatem
515 1587 584 1652 sive
599 1591 635 1652 tu
650 1609 746 1652 omen
759 1588 908 1673 audieris,
922 1589 991 1655 sive
1004 1590 1185 1656 immolaris
1201 1610 1227 1651 1⁵

178 1678 245 1742 sive
258 1699 351 1742 avem
362 1676 535 1762 aspexeris,
549 1675 578 1740 si
587 1674 795 1761 Chaldaeum,
805 1678 833 1742 si
842 1676 1048 1762 haruspicem
1058 1679 1187 1764 videris,

177 1767 206 1831 si
228 1765 367 1849 fulserit,
390 1765 419 1830 si
441 1764 594 1848 tonuerit,
617 1765 645 1829 si
665 1768 790 1830 tactum
808 1764 929 1849 aliquid
948 1767 1011 1832 erit
1030 1767 1069 1832 de
1088 1769 1187 1853 caelo,

178 1855 207 1919 si
234 1853 357 1921 ostenti
385 1853 490 1918 simile
516 1857 631 1918 natum
653 1853 816 1919 factumve
840 1854 1021 1940 quippiam3
1049 1878 1187 1941 quorum

176 1965 308 2008 necesse
336 1945 386 2007 est
413 1943 603 2027 plerumque
631 1942 754 2026 aliquid
781 1942 922 2026 eveniat,
949 1946 987 2008 ut
1008 1965 1187 2029 numquam

126 2046 177 2097 1⁶0
191 2033 288 2096 liceat
320 2031 431 2114 quieta
462 2034 570 2094 mente
602 2031 786 2095 consistere.
835 2029 1026 2118 Perfugium
1058 2033 1187 2098 videtur
1201 2051 1228 2091 2⁰

178 2119 322 2185 omnium
348 2119 499 2184 laborum
526 2122 559 2183 et
582 2118 836 2184 sollicitudinum
860 2141 930 2185 esse
953 2143 1095 2186 somnus.
1140 2121 1187 2186 At

177 2231 216 2274 ex
244 2229 281 2273 eo
309 2207 381 2292 ipso
409 2207 579 2292 plurumae
600 2229 697 2272 curae
720 2212 889 2293 metusque
911 2213 1103 2294 nascentum
1130 2210 1187 2294 qui

178 2296 308 2381 quidem
333 2295 397 2381 ipsi
424 2317 482 2381 per
505 2318 540 2359 se
562 2295 668 2361 minus
690 2298 838 2362 valerent
861 2300 895 2362 et
917 2298 1023 2384 magis
1045 2302 1187 2364 contem·

176 2389 339 2468 narentur,
359 2384 424 2448 nisi
447 2383 648 2450 somniorum
669 2385 887 2470 patrocinium
908 2386 1098 2472 philosophi
1119 2408 1187 2452 sus·

177 2475 352 2559 cepissent,
379 2494 438 2539 uec
466 2472 490 2536 ii
518 2473 647 2557 quidem
674 2474 960 2560 contemptissimi,
987 2475 1044 2541 sed
1065 2475 1101 2541 in
1122 2475 1186 2561 pri-
1200 2492 1227 2533 2⁵

177 2563 239 2627 mis
271 2561 359 2627 acuti
390 2565 424 2626 et
455 2561 685 2646 consequentia
716 2565 750 2627 et
780 2563 999 2649 repugnantia
1030 2563 1186 2649 videntes,

177 2652 233 2736 qui
255 2673 357 2736 prope
379 2650 445 2735 iam
469 2651 612 2715 absoluti
634 2654 667 2716 et
689 2650 827 2735 perfecti
843 2655 1010 2736 putantur.
1042 2650 1187 2727 Quorum

176 2740 327 2806 licentiae
350 2739 414 2803 nisi
436 2737 618 2804 Carneades
641 2739 831 2824 restitisset,
857 2739 945 2806 haud
968 2740 1034 2806 scio
1058 2763 1101 2806 an
1123 2740 1187 2806 soli

176 2830 243 2894 iam
269 2826 438 2913 philosphi
464 2827 691 2893 iudicarentur.
732 2826 815 2893 Cum
843 2829 960 2913 quibus
987 2829 1093 2895 omnis
1118 2830 1186 2894 fere

176 2917 271 2983 nobis
295 2915 488 3001 disceptatio
512 2916 741 3001 contentioque
764 2920 823 3001 cst,
845 2939 912 2983 non
935 2918 1022 3002 quod
1044 2940 1100 2984 eos
1120 2941 1186 2984 ma·
1201 2937 1227 2976 ³⁰

176 3028 271 3071 xume
290 3009 544 3089 contemnamus,
567 3005 623 3069 sed
642 3005 728 3090 quod
745 3004 896 3070 videntur
913 3005 1099 3072 acutissime
1118 3028 1187 3072 sen·

175 3094 296 3159 tentiae
320 3115 395 3158 suas
418 3094 731 3179 prudentissimeque
754 3093 931 3160 defendere.
972 3093 1055 3162 Oum
1077 3099 1186 3161 autem

175 3181 345 3268 proprium
368 3181 412 3247 sit
430 3181 627 3247 Academiae
659 3181 813 3247 iudicium
832 3181 926 3248 suum
943 3184 1070 3249 nullum
1089 3183 1186 3249 inter·

176 3291 309 3355 ponere,
341 3291 381 3334 ea
410 3270 565 3355 probare,
597 3292 679 3355 quae
711 3271 880 3336 simillima
910 3272 980 3336 veri
1006 3271 1187 3358 videantur,

177 3357 323 3423 conferre
350 3377 464 3422 causas
488 3362 534 3441 et,
563 3359 640 3442 quid
662 3358 697 3424 in
720 3381 881 3444 quamque
904 3360 1100 3426 sententiam
1123 3360 1187 3426 dici
1201 3380 1227 3419 ³⁵

175 3446 290 3531 possit,
313 3466 510 3531 expromere,
532 3447 623 3511 nulla
645 3446 793 3512 adhibita
815 3468 875 3512 sua
893 3448 1088 3515 auctoritate
1106 3448 1186 3514 iudi·

176 3532 263 3600 cium
285 3532 485 3599 audientium
507 3534 690 3618 relinquere
712 3535 878 3620 integrum
900 3557 939 3602 ac
961 3537 1114 3618 liberum,
1141 3542 1187 3603 te·
