2630 3904
210 229 251 290 14
517 224 567 280 DE
584 222 736 280 NATURA
754 220 909 279 DEORUM

208 374 294 436 esset
316 370 488 455 infinitum,
512 370 606 436 (leam
628 370 734 436 voluit
757 388 836 453 esse,
860 367 899 434 de
920 369 994 454 ipsa
1011 372 1121 434 mente
1138 369 1231 437 mem

208 459 463 544 reprehenditur,
484 462 523 524 ut
545 460 653 544 aeteri,
670 459 715 524 ule
737 458 899 541 infinitate
921 461 1031 523 autem
1049 457 1231 523 vehemen-

208 547 287 632 tius,
318 547 353 613 in
381 568 445 633 qua
472 548 555 612 nihil
582 556 685 632 neque
713 547 854 612 mutiens
884 540 988 631 neque
1009 545 1233 612 ooniunotum

208 639 319 722 potest
341 655 420 701 esse.
465 632 556 715 Nam,
570 635 779 702 Parmenides
802 634 932 721 quidem
955 635 1241 700 oommentieium·

210 725 362 809 quiddam
400 744 539 791 coronae
574 725 681 790 simile
712 724 813 790 efficit
844 719 1030 809 (στεφάνην
1060 722 1267 809 appellath

209 814 396 879 continente
433 814 547 880 ardore
577 814 660 879 lueis
690 814 815 896 orbem,
852 813 909 897 qui
940 811 1052 898 cingat
1084 812 1235 897 uaelm

211 923 306 987 quem
333 901 480 986 appellat
501 901 612 986 deum,
639 903 674 966 in
694 920 760 986 que
782 921 888 985 neque
910 900 1050 987 figuram
1073 899 1234 966 divinam

209 1011 314 1074 neque
347 1002 492 1055 sensum
510 992 683 1076 qusquam
706 989 871 1074 'suspicari
885 992 1020 1075 =potest3
1051 988 1234 1074 multaque

211 1077 356 1143 eiusdem
372 1080 457 1145 modi
473 1083 631 1163 monstra,
653 1079 773 1163 quippe
794 1079 852 1163 qui
870 1078 1000 1161 bellum,
1023 1078 1079 1162 qui
1097 1076 1229 1144 discor·

211 1168 312 1251 diam,
335 1167 395 1252 qui
421 1167 634 1254 cupiditatem
661 1171 831 1251 ceteraque
858 1166 988 1252 generis
1011 1166 1157 1231 eiusdem
1182 1166 1227 1232 ad
1240 1184 1267 1226 ro

211 1254 307 1321 deum
324 1259 463 1341 revocet,
479 1276 564 1340 quae
581 1258 634 1320 vel
651 1254 766 1321 morbo
784 1254 836 1319 vel
855 1274 970 1320 somno
988 1254 1041 1319 rel
1054 1254 1231 1321 oblivione

160 1344 263 1457 12rel
289 1347 453 1410 vetustate
479 1345 640 1428 delentur3
672 1342 847 1428 eademque
874 1341 1110 1428 desidentes,
1135 1358 1229 1428 qnae

158 1472 193 1521 29
211 1433 409 1518 reprehensa
439 1434 474 1498 in
506 1432 572 1499 alio
603 1434 670 1498 iam
698 1433 734 1498 in
759 1431 821 1498 hoo
849 1432 1051 1497 omittantur.
1099 1430 1225 1517 Empe-

212 1521 320 1587 duoles
344 1525 453 1587 autem
475 1523 580 1587 multa
602 1522 670 1587 ali-a
692 1541 830 1606 peooans
848 1520 888 1584 in
910 1520 1044 1585 deorum
1065 1520 1226 1605 opinione

211 1611 408 1696 turpissume
427 1610 558 1676 labitur.
594 1608 755 1686 Quattuor
773 1610 860 1673 enirn
877 1611 1021 1692 naturas,
1044 1617 1084 1673 ex
1102 1609 1224 1693 quibus
1237 1619 1264 1668 rt

212 1700 323 1764 omnia
354 1703 503 1766 constare
535 1703 659 1783 censet,
689 1697 817 1763 divinas
849 1717 920 1762 esse
953 1697 1037 1781 vult,
1071 1716 1155 1782 guas
1186 1701 1228 1763 et

211 1788 303 1853 nasei
331 1791 365 1875 et
392 1788 538 1874 extingui
566 1786 772 1872 perspicuum
799 1788 851 1851 est
878 1789 912 1850 et
934 1804 1031 1851 sensu
1054 1786 1144 1851 omni
1168 1804 1226 1851 oa·¹

213 1892 293 1941 rere.
338 1874 407 1942 Neo
436 1896 513 1942 vero
536 1874 748 1960 Protagorae,
778 1875 833 1959 qui
863 1892 934 1940 sese
959 1878 1061 1960 negat
1084 1874 1226 1940 omnino*

213 1964 253 2029 de
275 1963 343 2029 (leis
366 1964 487 2029 habere
510 1964 597 2049 quod
619 1964 755 2048 liqueat,
783 1963 862 2047 sint,
889 1982 956 2028 non
979 1962 1045 2027 sint
1067 1963 1221 2047 qualesve

198 2052 293 2138 sint,
325 2054 499 2137 quiequam
525 2052 653 2117 videtur
680 2050 719 2117 de
746 2055 864 2117 natura
890 2051 1023 2116 deorum
1050 2051 1219 2137 suspicari.
1233 2068 1261 2110 ro

213 2140 319 2217 Quid?
351 2140 572 2226 Democritus,
600 2141 655 2226 qui
682 2143 753 2205 tum
780 2139 940 2225 imagines
963 2158 1138 2225 earumque
1161 2140 1223 2205 eir-

213 2231 353 2295 oumitua
379 2231 415 2294 in
442 2226 576 2295 deorum
603 2239 740 2294 numero
772 2228 885 2312 refert,
911 2231 981 2292 tum
1008 2228 1100 2293 illam
1127 2231 1221 2293 natu·

212 2338 297 2402 ram,
322 2338 408 2403 quae
430 2317 589 2404 imag‘nes
611 2317 727 2382 undat
750 2337 788 2382 uo
810 2316 857 2380 mi
906 2320 934 2399 t,
955 2319 1027 2381 um
1050 2316 1219 2382 seientiam

212 2407 534 2492 intellegentiamque
559 2411 723 2490 nostram,
750 2422 857 2470 nonne
884 2404 920 2469 in
942 2405 1084 2471 maximo
1111 2423 1219 2471 errore
1301 2474 1302 2487 2

212 2494 382 2561 versatur?
408 2501 487 2561 'eum
513 2495 599 2560 idem
627 2495 774 2578 omnino,
801 2493 879 2577 quia
904 2493 988 2558 nihil
1010 2512 1139 2579 semper
1160 2510 1258 2559 auore
1301 2496 1302 2533 l

214 2587 303 2649 statu
339 2587 484 2668 maneat,
524 2588 623 2669 neget
659 2603 730 2648 esse
766 2583 940 2666 quiequam
975 2581 1216 2668 sempiternum,

213 2690 322 2737 nonne
349 2672 445 2737 deum
468 2674 603 2739 omnino
624 2673 672 2737 ita
694 2671 796 2755 tollit,
823 2673 861 2734 ut
882 2670 1010 2735 nnllam
1032 2670 1216 2757 opinionem
1301 2676 1302 2701 ¹

214 2762 284 2826 eius
307 2760 467 2846 reliquam
488 2761 612 2826 faeiat?
633 2758 739 2835 Quid?
762 2763 826 2841 aer,
850 2778 914 2843 quo
937 2758 1104 2845 Diogenes
1119 2758 1217 2845 Apol·
1301 2710 1302 2801 1

214 2850 352 2915 loniates
378 2850 483 2915 utitur
510 2849 583 2933 deo,
611 2868 706 2932 quem
734 2864 864 2912 sensum
887 2846 1008 2913 habere
1031 2850 1142 2933 potest
1160 2851 1217 2914 eut
1301 2854 1302 2859 ’

161 2949 313 3027 ququam
345 2937 485 3004 formam
517 2937 592 3002 dei?
644 2932 715 3001 lam
747 2936 785 3000 de
816 2934 965 3000 Platonis
996 2936 1255 3003 inconstantiae
1301 2950 1302 3021 ,

162 3030 170 3121 ξ
215 3027 349 3113 longum
368 3031 419 3130 est
436 3027 552 3109 dicere,
570 3025 627 3109 qui
643 3025 826 3127 inTimaeo
842 3027 973 3109 patrem
992 3023 1089 3128 huius
1107 3025 1215 3091 mnndi
1301 3078 1302 3111 ,

160 3112 846 3293 rttrunuruuuartsuu
864 3113 1215 3278 :irrutilat
1301 3216 1302 3301 ,

214 3312 292 3359 vero
316 3294 385 3358 sine
409 3310 542 3376 corpore
565 3291 633 3356 ullo
657 3290 751 3355 deum
774 3290 846 3355 vult
868 3310 953 3375 esse,
975 3294 1014 3355 ut
1037 3289 1151 3357 Graeci
1169 3291 1214 3356 di
1301 3318 1302 3333 2

215 3385 307 3466 eunt,
339 3374 529 3463 ἀσώματον,
555 3378 588 3443 id
616 3379 711 3463 quale
734 3399 807 3444 esse
834 3379 952 3464 possit,
976 3378 1125 3466 intellegi
1152 3382 1252 3446 nonu

214 3472 338 3558 potest,
366 3469 476 3531 eareat
502 3467 588 3531 enim
616 3486 712 3532 sensu
738 3487 870 3533 neeesse
897 3470 962 3552 est,
984 3471 1094 3533 eareat
1121 3469 1212 3534 etiam

214 3555 401 3644 prudentia,
436 3559 546 3620 careat
576 3556 759 3641 voluptate3
795 3574 877 3640 quas
908 3556 1020 3623 omnia
1049 3576 1116 3622 una
1146 3576 1212 3623 oum
