2630 3904
164 202 208 267 24
475 199 525 255 on
542 199 695 255 uirum
720 203 876 259 osorum

163 342 244 500 dm
266 345 354 412 enim
375 349 476 432 poeta
493 346 599 412 solum
618 347 737 432 suavis,
759 369 872 413 verum
891 347 991 414 etiam
1010 347 1181 433 ceteroqui

185 437 277 501 ootus
292 430 499 521 'sapiensque
527 434 696 536 traditur),
729 435 807 520 quia
833 436 939 502 multe
966 437 1115 503 venirent
1143 440 1182 502 in
1269 449 1270 458 ’

164 526 306 590 mentem
329 527 426 590 acuta
446 526 544 608 etque
562 523 707 608 subtilra,
730 523 943 609 dubitantem,
966 526 1045 610 quid
1062 547 1181 592 eorum

109 625 144 677 er
164 615 250 678 esset
273 611 489 698 verissimum,
512 612 700 698 desperasse
723 633 852 678 omnem
875 615 1057 680 veritatem.
1098 613 1181 700 spi-

163 721 259 767 ourus
286 722 363 767 vero
390 704 467 766 tuus
495 697 586 786 (uem
608 722 682 767 oum
704 701 763 766 illo
785 701 873 767 malo
896 700 1053 768 disserere
1076 724 1206 787 queuis

163 786 285 876 teoum)
308 788 386 875 quid
403 788 491 873 dieit,
513 789 600 875 quod
616 810 684 854 nou
700 790 797 855 modo
815 789 1027 876 philosophie
1040 791 1181 879 dignum

164 882 261 962 esset,
284 877 341 944 sed
362 876 517 944 mediocri
538 878 732 963 prudentia?

230 965 405 1043 Queeritur
430 965 573 1052 primum
599 967 634 1032 in
660 989 700 1034 ea
726 967 929 1053 quaestione,
956 989 1040 1054 quae
1062 971 1115 1033 est
1137 967 1180 1034 de

163 1061 283 1122 natura
305 1054 448 1140 deornm,
471 1057 578 1120 sintne
600 1055 634 1120 di
655 1077 756 1122 neone
778 1055 854 1122 sint.
889 1054 1033 1123 Difficile
1055 1060 1107 1123 est
1124 1079 1181 1123 ne·

164 1165 251 1232 gare.
297 1141 416 1228 Oredo,
442 1143 471 1209 si
497 1144 533 1210 in
555 1144 705 1210 ooutioue
728 1148 916 1230 quaeratur,
942 1144 1000 1211 sed
1021 1145 1057 1211 in
1078 1145 1178 1211 huius
1194 1167 1221 1207 ro

164 1233 253 1299 modi
285 1253 434 1299 sermone
466 1237 500 1299 et
531 1253 685 1299 consessu
715 1232 919 1300 faeillimum.
970 1232 1086 1318 Itaque
1113 1255 1178 1322 ego

164 1323 234 1408 ipse
260 1321 423 1408 pontifex,
449 1321 505 1407 qui
528 1321 742 1388 coerimonias
764 1321 1004 1408 religionesque
1026 1323 1178 1409 publices
1286 1330 1288 1417 'q

164 1409 369 1478 sanctissime
399 1409 537 1476 tuendas
570 1410 726 1495 arbitror,
757 1410 786 1476 is
813 1410 889 1495 hoo,
920 1410 1007 1496 quod
1033 1410 1179 1497 primum
1288 1444 1289 1511 q

164 1503 224 1584 est,
251 1521 323 1566 esse
352 1498 443 1584 deos,
469 1499 658 1586 persuaderi
684 1498 766 1564 mihi
791 1521 858 1566 non
886 1499 1037 1586 opinione
1060 1500 1178 1586 solum,
1289 1542 1290 1609 ,

165 1588 222 1655 sed
258 1588 358 1654 etiam
389 1588 431 1654 ad
461 1587 634 1665 ueritatem
665 1589 763 1674 plane
790 1588 897 1654 velim.
951 1587 1058 1654 Multa
1089 1589 1177 1655 euim
1191 1609 1218 1651 rs
1290 1640 1291 1671 ,

165 1680 351 1763 oseurruut,
406 1698 467 1743 uas
497 1677 700 1760 conturbent,
732 1681 770 1742 ut
800 1675 964 1743 interdum
994 1677 1079 1743 nulli
1105 1699 1177 1744 esse
1290 1674 1291 1693 *

111 1772 146 1822 ⁶2
165 1766 345 1832 videantur.
384 1698 454 1832 bed
482 1765 568 1849 vide,
598 1787 697 1851 quem
725 1768 834 1832 tecum
861 1765 1177 1852 agamlibsrelite13
1291 1738 1292 1791 l

166 1876 249 1939 quae
280 1854 465 1921 eommunia
490 1858 568 1920 suut
594 1853 688 1920 vobis
716 1876 790 1921 oum
817 1853 934 1920 oeteris
960 1853 1177 1940 philosophis,
1292 1836 1293 1889 l

164 1965 232 2010 non
262 1943 438 2032 attingam,
469 1947 507 2009 ut
533 1942 595 2010 hoo
621 1942 743 2029 ipsum3
774 1943 884 2028 plaeet
910 1942 997 2008 enim
1025 1943 1176 2010 omnihus
1293 1934 1294 2005 l

164 2034 233 2098 iere
264 2032 408 2117 mihique
438 2031 504 2118 ipsi
533 2030 569 2097 in
596 2031 711 2117 primis
738 2031 815 2097 deos
843 2051 923 2097 esse
967 2030 1083 2115 Itaque
1109 2053 1216 2098 uouso

165 2142 290 2208 puguo;
312 2121 473 2187 rationem
495 2124 711 2204 tamensem,
733 2141 816 2205 quae
839 2143 859 2187 a
880 2123 915 2185 te
933 2119 1088 2204 adfertur,
1109 2143 1178 2187 uon

111 2210 248 2278 23setis
274 2210 404 2277 firmem
425 2213 514 2295 puto.
560 2207 653 2286 Quod
675 2208 762 2273 enim
785 2209 929 2274 omnium
952 2208 1100 2296 gentium
1123 2230 1176 2297 ge·

164 2320 343 2384 uerumque
368 2296 555 2363 hominibus
582 2297 631 2363 ita
656 2296 833 2381 videretur,
860 2296 894 2362 id
916 2297 997 2363 satis
1020 2318 1176 2386 magnum

166 2390 395 2475 argumentum
423 2406 493 2451 esse
516 2384 640 2470 dixisti,
667 2407 724 2452 our
747 2407 817 2451 esse
840 2385 917 2451 deos
940 2386 1173 2454 confiteremur.

166 2475 260 2554 Quod
277 2497 350 2542 oum
368 2474 440 2540 leve
457 2496 516 2559 per
533 2494 577 2558 se,
598 2478 669 2539 tum
687 2474 787 2539 etism
798 2473 921 2540 falsum
934 2478 994 2540 est
1028 2474 1174 2542 Primum
1188 2496 1214 2539 ss

167 2564 253 2631 enim
275 2562 360 2630 unde
381 2561 444 2628 tibi
461 2565 559 2628 notae
577 2567 654 2629 sunt
672 2562 840 2649 opiniones
857 2561 1050 2629 nationum?
1076 2563 1175 2650 Equi·

166 2654 240 2719 dem
267 2652 412 2718 arbitror
436 2651 556 2717 multas
584 2673 654 2717 esse
682 2654 796 2738 gentes
819 2650 866 2717 sio
887 2651 1081 2718 inmanitate
1103 2653 1175 2718 effe

112 2757 148 2807 ee
166 2747 268 2826 retas,
289 2746 328 2806 ut
349 2739 436 2851 apud
458 2761 514 2806 eas
535 2740 629 2806 nulla
650 2738 792 2825 suspicio
815 2739 948 2806 deorum
970 2740 1024 2806 sit
1069 2738 1175 2816 Quid?

166 2830 344 2918 Diagoras,
368 2835 472 2906 αθεος
494 2829 550 2914 qui
572 2828 677 2895 dietus
700 2831 763 2913 est,
785 2832 963 2914 posteaque
985 2827 1174 2896 Theodorus

165 2941 273 2986 nonne
295 2921 408 3004 aperte
430 2916 564 2984 deorum
580 2922 732 2984 naturam
750 2916 974 2984 sustulerunt?
1004 2915 1092 2984 Nam
1109 2917 1175 2984 Ab·
1186 2937 1213 2980 so

167 3008 286 3075 derites
315 3006 444 3092 quidem
467 3005 680 3092 Protagoras,
708 3005 799 3071 euius
825 3027 847 3071 a
872 3009 906 3071 te
932 3006 1028 3073 modo
1051 3006 1173 3073 mentio

165 3097 255 3164 faeta
275 3099 334 3180 est,
357 3094 520 3181 sophistes
538 3094 740 3181 temporibus
758 3093 826 3159 illis
843 3094 897 3160 sel
914 3095 1083 3181 maximus,
1101 3118 1174 3162 eum

166 3185 202 3252 in
229 3183 389 3271 principio
419 3182 497 3250 libri
523 3182 571 3250 sie
596 3182 774 3269 posuisset:
806 3181 877 3249 ‘De
908 3181 1022 3268 disis,
1052 3207 1174 3270 neque

166 3278 209 3340 ut
231 3273 312 3339 siut
333 3293 455 3359 neque
477 3275 617 3338 utnon
638 3271 732 3356 sint,
754 3271 877 3337 habeo
901 3271 1053 3357 disere',
1074 3274 1174 3339 Athe·

166 3362 328 3429 niensium
346 3361 436 3427 iussu
454 3358 535 3425 urbe
552 3363 652 3445 atque
730 3382 750 3427 o
769 3364 820 3426 est
839 3359 1071 3427 exterminatus
1085 3362 1173 3429 libri·
1185 3377 1210 3424 es

167 3472 229 3538 que
264 3450 333 3517 eius
369 3449 405 3515 in
439 3447 590 3515 contione
625 3470 698 3517 oorn
721 3447 795 3514 usti.
848 3447 900 3514 Ex
931 3446 995 3534 quo
1027 3449 1173 3534 equidem

37 3566 39 3569 ·
166 3540 316 3606 existimo
353 3536 513 3603 tardiores
546 3537 587 3603 ad
617 3538 703 3604 hano
733 3536 929 3603 sententiam
960 3537 1174 3622 profitendam
