2652 3920
187 219 251 285 182
534 219 583 275 DE
602 219 844 276 Dwnvaulorvu

184 363 278 431 initio
300 363 381 430 belli
398 362 530 431 Marsici
552 367 586 430 et
609 363 742 430 deorum
765 365 941 432 simulacra
963 365 1139 450 sudavisse,
1162 369 1198 431 et

186 452 377 538 sanguinem
394 452 535 538 fluxisse,
553 455 587 519 et
606 451 792 519 discessisse
810 453 945 538 caelum,
963 457 997 520 et
1014 476 1054 520 ex
1068 455 1196 521 occulto

186 541 313 607 auditas
337 562 408 606 esse
430 562 535 626 voces,
558 563 640 626 quae
662 541 807 627 pericula
828 542 910 608 belli
930 542 1135 627 nuntiarent,
1163 547 1198 608 et

184 628 323 695 Lanuvii
340 629 472 715 clipeos,
491 629 577 715 quod
594 629 822 715 haruspicibus
839 630 1075 696 tristissumum
1089 631 1198 697 visum

135 723 290 801 recesset,
313 717 501 784 amoribus
525 738 596 783 esse
618 718 759 785 derosos.
801 716 893 804 Quid,
917 719 1003 804 quod
1020 719 1056 784 in
1074 719 1228 786 annali-⁶

185 808 246 883 bus
270 806 428 872 habemus
450 804 582 874 Veienti
604 806 702 891 bello,
725 829 798 872 cum
821 808 911 874 lacus
934 806 1084 873 Albanus
1106 829 1199 894 prae·

185 899 236 960 ter
263 895 395 961 modum
424 894 593 979 crevisset,
618 893 789 961 Veientem
812 897 972 982 quendam
995 897 1037 960 ad
1059 918 1119 963 nos
1141 896 1199 962 ho·
1311 938 1312 963 l

186 984 307 1048 minem
333 981 478 1049 nobilem
503 982 700 1070 perfugisse,
732 1007 869 1069 eumque
896 984 1015 1051 dixisse
1042 1006 1081 1051 ex
1107 984 1198 1069 fatis,

186 1093 270 1157 quae
282 1069 436 1137 Veientes
460 1071 582 1156 scripta
604 1072 771 1157 haberent,
793 1071 893 1139 Veios
916 1073 990 1159 capi
1006 1095 1072 1140 non
1090 1094 1197 1160 posse,

187 1160 264 1225 dum
291 1159 381 1225 lacus
407 1158 436 1225 is
463 1159 672 1244 redundaret,
699 1164 746 1246 et,
775 1160 804 1226 si
826 1161 916 1227 lacus
939 1161 1077 1227 emissus
1101 1163 1196 1248 lapsu
1213 1179 1243 1218 1⁰

187 1252 221 1314 et
239 1269 335 1315 cursu
353 1269 412 1317 suo
431 1247 473 1314 ad
490 1270 580 1314 mare
597 1248 814 1334 profluxisset,
837 1250 1056 1336 perniciosum
1074 1250 1197 1336 populo

186 1337 351 1421 Romano,
373 1336 425 1403 sin
443 1341 553 1402 autem
570 1336 619 1402 ita
637 1341 723 1402 esset
742 1337 885 1421 eductus,
903 1342 941 1404 ut
959 1338 1000 1405 ad
1019 1361 1108 1404 mare
1126 1360 1199 1425 per·

186 1425 297 1491 venire
318 1447 386 1490 non
407 1429 529 1510 posset,
551 1428 622 1490 tum
645 1425 789 1491 salutare
807 1427 930 1492 nostris
947 1426 1040 1493 fore?
1062 1426 1113 1492 Ex
1133 1448 1197 1511 quo

187 1515 247 1581 illa
270 1514 472 1580 admirabilis
496 1536 516 1579 a
539 1514 717 1580 maioribus
740 1514 889 1581 Albanae
912 1537 1015 1600 aquae
1037 1515 1128 1581 facta
1145 1515 1198 1580 de

188 1604 296 1670 ductio
324 1606 383 1668 est.
424 1599 506 1669 Cum
534 1606 643 1668 autem
665 1600 819 1670 Veientes
845 1603 934 1669 bello
960 1603 1040 1669 fessi
1067 1603 1197 1690 legatos
1213 1620 1241 1661 1⁵

188 1693 230 1760 ad
257 1695 406 1758 senatum
429 1689 609 1775 misissent,
636 1695 707 1756 tum
729 1713 769 1757 ex
790 1691 831 1757 iis
855 1692 986 1776 quidam
1011 1691 1130 1757 dixisse
1153 1692 1198 1756 di-
1311 1730 1312 1735 κ

188 1781 272 1847 citur
293 1801 361 1846 non
381 1779 491 1845 omnia
508 1780 603 1844 illum
622 1779 828 1866 transfugam
847 1802 962 1846 ausum
980 1802 1051 1847 esse
1069 1780 1198 1847 senatui

189 1869 308 1953 dicere3
329 1868 364 1934 in
386 1867 490 1934 isdem
513 1868 600 1934 enim
622 1868 701 1934 fatis
725 1869 882 1955 seriptum
900 1868 1053 1935 Veientes
1076 1868 1199 1934 habere

188 1958 259 2024 fore
281 1961 319 2027 ut
340 1956 433 2023 brevi
455 1979 476 2023 a
499 1955 604 2023 Gallis
627 1956 732 2022 Roma
755 1962 934 2042 caperetur,
958 1957 1044 2043 quod
1067 1957 1197 2042 quidem

136 2106 180 2170 45
189 2044 340 2112 sexennio
363 2048 440 2147 post
462 2044 561 2148 Veios
584 2045 853 2148 captos-factum·
867 2046 1114 2148 esse-videmus.
1212 2062 1244 2102 ω

138 2184 185 2232 101
256 2131 359 2219 Saepe
382 2137 482 2202 etiam
501 2137 534 2199 et
551 2156 587 2198 m
604 2133 738 2219 proelus
752 2132 856 2199 Faum
875 2135 978 2200 auditi
996 2138 1030 2200 et
1046 2155 1083 2199 m
1099 2134 1197 2200 rebus

189 2222 328 2289 turbidis
351 2221 510 2288 veridicae
533 2243 628 2289 voces
652 2244 690 2288 ex
714 2221 840 2288 occulto
864 2222 983 2288 missae
1001 2243 1072 2289 esse
1090 2222 1198 2288 dicun-
1311 2200 1312 2293 l

182 2317 257 2396 cur3
284 2310 374 2377 cuins
428 2310 532 2377 eneris
560 2311 623 2376 duo
652 2310 718 2376 sint
746 2333 784 2376 ex
811 2311 924 2377 multis
953 2311 1119 2396 exempla,
1140 2310 1198 2376 sed
1311 2296 1312 2377 l

188 2421 353 2466 maxuma:
419 2421 472 2465 am
498 2420 566 2465 non
587 2399 692 2466 multo
715 2402 792 2465 ante
814 2400 928 2466 urbem
951 2403 1081 2486 captam
1104 2421 1198 2465 exsu-
1311 2394 1312 2461 l

190 2489 259 2554 dita
287 2510 351 2555 vox
378 2491 429 2554 est
456 2509 477 2555 a
502 2489 576 2554 luco
597 2486 732 2572 Vestae,
762 2486 818 2572 qui
845 2510 866 2553 a
886 2487 1008 2554 Palatii
1034 2486 1142 2554 radica
1163 2486 1241 2552 ins

188 2599 308 2644 novam
339 2576 428 2643 viam
453 2576 593 2643 devexus
619 2580 683 2661 est,
715 2579 752 2642 ut
780 2576 865 2642 muri
890 2581 924 2642 et
949 2580 1064 2663 portae
1091 2576 1199 2641 refice

189 2670 315 2751 rentur,
344 2665 490 2731 futurum
519 2685 603 2749 esse,
631 2663 696 2730 nisi
717 2664 885 2751 provisum
908 2669 1007 2748 esset,
1033 2668 1071 2731 ut
1092 2663 1199 2730 Roma

190 2758 368 2842 caperetur.
409 2753 501 2830 Quod
523 2754 708 2841 neglectum
731 2757 811 2839 tum,
834 2776 907 2821 cnm
930 2754 1037 2820 caveri
1059 2756 1199 2839 poterat,

189 2848 267 2930 post
292 2847 459 2929 acceptam
481 2841 575 2909 illam
599 2842 776 2909 maximam
797 2842 922 2908 cladem
945 2843 1112 2928 expiatum
1134 2845 1198 2925 est,
1311 2920 1312 2927 ἵ

191 2955 248 3003 ara
270 2932 357 3000 enim
379 2930 443 2997 Aio
465 2929 640 3017 Loquenti,
667 2953 765 3016 quam
788 2935 935 3017 saeptam
957 2930 1120 3015 videmus,
1147 2951 1199 2995 ex·
1212 2946 1246 2986 ω
1311 2966 1312 2979 κ

191 3022 345 3088 adversus
382 3041 455 3086 eum
492 3020 599 3085 locum
631 3023 818 3086 consecrata
849 3023 908 3085 est.
957 3019 1067 3104 Atque
1099 3018 1199 3084 etiam
1311 3018 1312 3083 ἒ

190 3109 348 3195 scriptum
367 3131 392 3175 a
413 3108 527 3175 multis
551 3112 610 3193 est,
633 3130 707 3175 cum
726 3112 833 3174 terrae
851 3111 960 3175 motus
978 3107 1085 3173 factus
1104 3110 1200 3190 esset,
1311 3120 1312 3149 ³

189 3203 228 3266 ut
250 3219 307 3264 sue
329 3197 428 3284 plena
448 3197 636 3284 procuratio
653 3198 757 3281 fieret,
778 3217 891 3263 vocem
909 3197 951 3262 ab
971 3196 1049 3262 aede
1064 3195 1199 3261 Iunonis
1311 3262 1312 3265 ,

190 3308 230 3353 cx
252 3308 326 3352 arce
348 3288 510 3372 extitisse3
532 3286 682 3372 quocirca
703 3285 860 3352 Iunonem
882 3285 976 3351 illam
999 3285 1199 3370 appellatam
1311 3328 1312 3355 ,

189 3374 365 3441 Monetam.
400 3374 491 3442 Haec
508 3374 610 3462 igitur
628 3377 662 3440 et
680 3396 701 3440 a
718 3374 768 3439 dis
787 3373 970 3460 significata
989 3376 1022 3438 et
1040 3395 1061 3438 a
1075 3371 1199 3438 nostris
1213 3388 1246 3430 aa
1311 3382 1312 3467 ᾗ

191 3463 369 3530 maioribus
392 3463 535 3531 iudicata
557 3461 817 3533 contemnimus?
1311 3470 1312 3533 i

140 3563 189 3612 roa
257 3549 370 3638 Neque
395 3553 502 3644 solum
525 3551 659 3619 deorum
682 3570 777 3616 voces
798 3548 1001 3634 Pythagorei
1022 3547 1199 3615 observita-
1311 3618 1312 3631 ,
