2652 3920
393 224 461 278 ΜΒ.
480 225 501 281 1.
526 225 601 282 OAP.
623 231 735 282 ru-ra
759 232 906 292 §aa-ss.
1088 229 1151 291 159

139 371 295 457 mugitus,
313 391 409 455 saepe
423 372 532 436 motus
546 369 652 435 multa
666 373 798 436 nostrae
812 369 1032 456 reipublicae,
1046 373 1151 438 multa

138 460 254 527 ueteris
278 457 467 525 civitatibus
490 458 606 545 gravia
627 462 662 524 et
682 480 761 524 vera
782 458 1010 544 praedixerint.
1044 459 1150 536 Quid?
1169 478 1203 528 so

138 548 195 634 qui
216 547 385 630 inridetur,
408 549 522 632 partus
545 546 599 612 hic
621 547 729 615 mulae
751 568 868 632 nonne,
892 548 969 632 quia
989 548 1076 614 fetus
1100 572 1151 615 ex·

138 637 210 703 titit
231 637 266 702 in
289 635 465 701 sterilitate
486 639 632 720 naturae,
654 635 842 720 praedictus
865 640 916 702 est
938 637 980 703 ab
1003 637 1152 724 haruspi-

111 726 230 792 scibus
257 723 458 790 incredibilis
484 727 599 809 partus
627 724 811 789 malorum?
847 722 954 799 Quid?
982 724 1030 791 Ti
1054 724 1152 792 Grac·

139 814 219 880 chus
241 811 278 879 P.
299 811 345 896 F,
369 810 499 897 qui-bis
523 812 636 879 consul
659 815 694 877 et
715 833 829 879 censor
850 812 923 897 fuit,
945 813 1095 900 idemque
1118 818 1152 880 et

139 923 285 968 summus
305 922 410 987 augur
424 904 458 966 et
470 900 521 965 vir
535 900 665 985 sapiens
679 900 823 984 civisque
835 905 1018 987 praestans,
1034 924 1150 988 nonne,

139 995 177 1057 ut
199 989 234 1056 O.
257 987 437 1073 Gracchus,
459 988 547 1054 filius
571 989 653 1073 eius,
675 988 833 1074 scriptum
856 989 1002 1075 reliquit,
1024 991 1150 1057 duobus

140 1078 302 1166 anguibus
317 1076 406 1143 domi
418 1077 649 1163 conprehensis
662 1076 850 1162 haruspices
865 1079 1077 1145 convocavit?
1095 1081 1150 1164 qui

102 1188 126 1228 ιο
140 1190 213 1234 cum
242 1166 503 1252 respondissent,
530 1164 559 1231 si
587 1187 709 1230 marem
737 1166 911 1250 emisisset,
939 1168 1033 1234 uxori
1059 1168 1150 1233 brevi

140 1261 287 1341 tempore
314 1275 386 1321 esse
413 1253 629 1338 moriendum,
661 1254 690 1319 si
715 1252 885 1339 feminam,
911 1255 989 1341 ipsi,
1017 1257 1150 1341 aequius

140 1366 211 1410 esse
238 1343 365 1409 censuit
391 1363 427 1408 se
454 1346 617 1408 maturam
645 1346 798 1427 oppetere
826 1347 967 1409 mortem
995 1366 1093 1429 quam
1114 1343 1150 1410 P.

140 1431 289 1499 Africani
318 1431 423 1497 filiam
454 1431 707 1515 adulescentem,
738 1430 894 1496 feminam
926 1432 1048 1517 emisit,
1080 1434 1151 1518 ipse

139 1522 251 1608 paucis
274 1524 351 1606 post
373 1519 486 1585 dicbus
510 1522 561 1584 est
582 1522 740 1585 mortuus.
779 1518 980 1586 Inrideamus
1003 1521 1151 1606 haruspi·
1164 1526 1203 1592 19

101 1629 127 1671 u
141 1633 208 1695 ces,
230 1631 346 1692 vanos,
367 1608 495 1674 futtiles
519 1628 590 1673 esse
612 1608 765 1692 dicamus,
789 1629 988 1693 quorumque
1012 1608 1151 1695 discipli-

140 1721 217 1765 nam
245 1702 279 1763 et
304 1696 564 1782 sapientissimus
592 1696 644 1762 vir
670 1700 704 1762 et
726 1700 860 1762 eventus
883 1719 921 1763 ac
943 1719 994 1762 res
1018 1720 1152 1783 conpro

141 1787 242 1871 bavit,
261 1789 515 1888 contemnamus,
532 1786 764 1888 mndcchmru
782 1785 881 1850 etiam
896 1783 1099 1870 Babylonem
1118 1790 1152 1851 et

142 1872 1151 2047 ttritetutttttlpstlttttttttttttff

101 2071 128 2112 ro
141 2053 289 2137 inquam,
311 2051 371 2117 hos
395 2056 452 2116 aut
475 2050 637 2116 stultitiae
660 2054 718 2115 aut
740 2050 896 2116 vanitatis
920 2055 977 2117 aut
998 2051 1151 2137 inpuden-

141 2142 216 2225 tiae,
239 2140 294 2225 qui
317 2139 556 2226 quadringenta
578 2139 788 2226 septuaginta
810 2139 902 2204 milia
924 2161 1092 2225 annorum,
1113 2144 1151 2205 ut

140 2229 205 2317 ipsi
241 2228 367 2313 dicunt,
402 2227 620 2294 monumentis
652 2227 874 2312 conprehensa
905 2230 1086 2313 continent,
1118 2234 1151 2295 et

140 2318 273 2385 mentiri
290 2317 468 2384 iudicemus
486 2337 554 2400 nec,
568 2316 771 2382 saeculorum
785 2316 984 2401 reliquorum
997 2316 1148 2385 iudicium

142 2406 228 2493 quod
247 2406 286 2470 de
304 2405 386 2491 ipsis
404 2404 551 2470 futurum
569 2405 622 2488 sit,
644 2404 881 2491 pertimescere.
918 2405 999 2492 Age,
1017 2405 1150 2473 barbari
1170 2422 1203 2472 st

101 2512 128 2554 ss
141 2495 220 2560 vani
252 2497 350 2578 atque
381 2492 529 2577 fallaces3
563 2514 644 2558 uum
674 2493 775 2558 etiam
806 2491 980 2560 Graiorum
1011 2493 1151 2561 historia

144 2582 284 2648 mentita
307 2581 379 2648 est?
412 2579 500 2657 Quae
523 2578 644 2646 Croeso
662 2580 800 2666 Pythius
823 2580 953 2667 Apollo,
976 2586 1014 2647 ut
1035 2583 1074 2648 de
1096 2606 1151 2648 na·

143 2670 244 2737 turali
276 2668 475 2736 divinatione
507 2669 625 2754 dicam,
657 2690 739 2752 quae
768 2669 1037 2755 Atheniensibus,
1069 2693 1150 2755 quae

143 2757 416 2842 Lacedaemoniis,
439 2779 521 2843 quae
540 2756 701 2844 Tegeatis
724 2780 806 2843 quae
825 2758 968 2845 Argivis,
991 2780 1073 2843 quae
1092 2758 1151 2826 Oo-

144 2846 276 2913 rinthiis
302 2846 520 2932 responderit,
547 2846 619 2930 quis
646 2846 801 2932 ignorat?
839 2844 983 2933 Collegit
1009 2848 1151 2913 innume·

103 2952 129 2994 so
143 2935 261 3001 rabilia
289 2933 422 3002 oracula
445 2932 646 3019 Chrysippus
673 2955 733 3000 nec
759 2933 864 2999 ullum
891 2936 961 3001 sine
989 2935 1150 3023 locuplete

143 3027 275 3091 auctore
298 3026 397 3108 atque
418 3025 516 3106 teste;
544 3043 640 3107 quae,
663 3022 740 3106 quia
761 3026 841 3089 nota
863 3023 927 3088 tibi
949 3028 1035 3109 sunt,
1056 3024 1151 3090 relin-

144 3135 221 3198 quo3
258 3111 394 3177 defendo
430 3133 530 3176 unum
563 3111 638 3176 hoc:
675 3108 861 3196 Numquam
893 3111 976 3177 illud
1008 3113 1152 3178 oraclum

142 3200 280 3286 Delphis
295 3204 365 3265 tam
378 3200 503 3266 celebre
521 3202 555 3263 et
573 3202 642 3264 tam
660 3199 784 3265 clarum
800 3199 918 3266 fuisset
930 3222 1035 3285 neque
1050 3201 1151 3266 tantis

144 3289 237 3356 donis
260 3289 416 3355 refertum
440 3286 585 3354 omnium
607 3287 803 3372 populorum
826 3292 923 3372 atque
942 3310 1065 3375 regum,
1088 3288 1152 3353 nisi

103 3392 130 3436 ⁸⁶
144 3377 250 3443 omnis
269 3381 359 3444 aetas
379 3376 563 3443 oraclorum
575 3376 708 3441 illorum
722 3376 895 3442 veritatem
909 3381 996 3443 esset
1010 3381 1151 3462 experta.

142 3463 233 3533 Idem
261 3464 327 3531 iam
355 3464 409 3530 diu
435 3486 503 3531 non
528 3464 617 3530 facit.
661 3461 709 3529 Ut
735 3462 837 3550 igitur
863 3486 949 3530 nunc
970 3467 1006 3530 ia
1027 3465 1151 3530 minore
1170 3476 1204 3527 ss

144 3552 252 3640 gloria
274 3557 333 3638 est,
357 3553 434 3639 quia
455 3553 562 3620 minus
582 3550 787 3619 oraculorum
806 3552 926 3618 veritas
945 3552 1082 3637 excellit,
1106 3552 1152 3618 sic
