2630 3904
188 112 209 155 ⁴*
268 123 305 191 h·
329 46 467 195 suff

123 158 280 313 itiwpql
344 192 361 257 l
389 221 457 278 urs,
477 221 498 278 1.
518 220 594 276 our.
614 228 727 279 ce-rs.
746 228 762 290 s
781 229 894 280 re-re.
1102 228 1145 294 29

133 366 1146 544 illuditur,qltlsshuttthlrlfl

132 545 383 631 superstitione,
414 547 452 609 ut
484 547 593 610 essent
625 544 811 630 simulacra,
843 567 926 631 quae
955 554 1146 616 venerantes

133 634 214 700 deos
236 634 327 719 ipsos
351 655 386 699 se
409 633 498 698 adire
520 632 709 698 crederent?
744 633 916 700 Auxerunt
938 640 1048 703 autem
1066 638 1146 704 haec

102 723 250 788 academ
272 725 398 807 potitae,
420 721 571 807 pictores,
594 721 739 807 opifices3
761 726 832 788 erat
854 723 941 790 enim
961 746 1029 792 non
1050 725 1147 793 facile

133 810 266 898 agentis
295 809 420 895 aliquid
447 812 480 875 et
506 810 672 875 molientis
699 809 777 877 deos
804 812 840 876 in
866 812 1006 878 aliarum
1027 813 1147 881 forma·

132 923 209 966 rum
238 899 424 965 imitatione
453 919 591 965 servare.
636 898 783 965 Accessit
812 899 912 966 etiam
940 901 1007 968 ista
1036 904 1147 990 opinio

132 989 292 1072 fortasse,
325 987 412 1072 quod
442 987 568 1054 homini
598 987 730 1053 homine
756 987 924 1073 pulchrius
951 989 1035 1056 nihil
1062 992 1147 1057 vide

133 1078 244 1143 hatur.
290 1072 354 1142 Sed
375 1080 413 1142 tu
435 1075 506 1160 hoo,
530 1075 673 1162 physice,
694 1098 761 1142 non
783 1076 882 1161 videS,
905 1100 1003 1163 quam
1026 1080 1148 1147 blanda
1274 1128 1278 1137 ·

93 1165 341 1232 reconciliatrix
371 1168 405 1230 et
432 1164 526 1249 quasi
553 1164 603 1229 sui
626 1165 670 1229 sit
692 1165 768 1231 lena
788 1167 929 1232 natura?
974 1166 1028 1233 Au
1049 1173 1147 1255 putas
1218 1166 1248 1205 ‘·

132 1255 240 1320 ullam
269 1275 340 1319 esse
367 1257 457 1319 terra
482 1253 629 1337 marique
656 1254 800 1338 beluam,
828 1276 910 1339 quae
931 1277 999 1322 non
1021 1257 1073 1322 sui
1094 1274 1169 1345 ge-'f
1214 1248 1222 1259 ”

133 1343 224 1410 neris
256 1342 354 1408 belua
380 1342 520 1407 maxime
547 1340 746 1409 delectetur?
796 1341 889 1420 Quod
914 1344 951 1409 ui
977 1344 1026 1411 ita
1053 1350 1148 1430 esset,

134 1454 195 1499 cur
220 1453 288 1498 non
315 1431 453 1518 gestiret
479 1434 593 1496 taurus
620 1452 721 1515 equae
748 1432 1018 1516 contrectatione,
1046 1456 1147 1519 equus

135 1519 276 1587 vaccae?
322 1518 377 1584 Au
404 1523 442 1585 tu
467 1518 612 1604 aquilam
639 1523 696 1585 aut
723 1519 851 1586 leonem
879 1525 936 1586 aut
959 1521 1148 1607 delphinum

89 1627 122 1671 15
135 1610 242 1675 ullam
275 1607 437 1673 anteferre
468 1628 579 1673 censos
610 1608 751 1694 figuram
782 1609 882 1674 suae?
931 1607 1016 1685 Quid
1046 1610 1149 1697 igitur

135 1699 267 1780 mirum,
286 1697 315 1762 si
333 1697 395 1762 hoo
414 1695 527 1762 eodem
545 1695 641 1762 modo
659 1696 786 1761 homini
797 1700 916 1762 natura
928 1699 1149 1785 praescripsit,

135 1790 174 1853 ut
197 1786 282 1851 nihil
304 1784 473 1870 pulchrius
496 1794 593 1869 quam
616 1784 782 1850 hominem
799 1788 964 1871 putaret[,
987 1809 1059 1853 eam
1077 1809 1148 1854 esse
1263 1812 1265 1816 ·

137 1897 280 1958 causam,
302 1895 359 1940 cur
381 1874 458 1938 deos
481 1873 650 1938 hominum
672 1873 789 1939 similis
811 1876 1038 1960 putaremus]?
1142 1956 1158 1963 „

205 1962 291 2041 Quid
322 1963 455 2028 censes?
491 1961 521 2027 si
547 1961 632 2027 ratio
665 1965 752 2027 esset
782 1962 817 2027 in
845 1960 965 2047 beluis,
995 1985 1063 2030 uon
1089 1985 1148 2031 suo
1168 1964 1216 2051 lu

92 2069 285 2138 aequasque
312 2050 424 2137 generi
449 2049 627 2135 plurimum
649 2049 829 2116 tributuras
851 2050 974 2117 fuisse?
1015 2052 1062 2118 At
1085 2055 1226 2121 me28i

137 2140 270 2207 hercule
297 2160 358 2225 ego
386 2134 505 2223 (dicem
533 2137 632 2221 enim,
658 2143 697 2204 ut
724 2137 844 2226 sentio)
872 2140 1020 2223 quamvis
1043 2163 1150 2208 amem

138 2230 210 2315 ipse
241 2249 308 2312 me,
338 2230 451 2292 tamen
476 2247 543 2291 non
570 2227 671 2292 audeo
699 2226 804 2293 dicere
830 2228 1051 2312 pulchriorem
1079 2251 1149 2296 esse

139 2340 202 2401 me,
224 2338 323 2402 quam
343 2315 401 2380 ille
423 2314 524 2380 fuerit
541 2318 664 2399 taurus,
688 2315 744 2400 qui
762 2315 850 2381 vexit
863 2315 1039 2403 Europam.
1073 2317 1150 2384 Nou
1243 2312 1246 2321 ’

139 2406 228 2472 enim
249 2404 312 2470 hoc
335 2405 408 2470 loco
431 2403 471 2468 de
493 2402 633 2490 ingeniis
655 2407 713 2468 eut
735 2403 774 2469 de
798 2405 1000 2470 orationibus
1018 2407 1149 2491 nostris,

102 2528 117 2564 c
140 2492 260 2559 sedda
283 2492 389 2578 speeie
410 2492 580 2577 figuraque
603 2492 778 2575 quaeritur.
813 2491 936 2569 Quodsi
952 2494 1076 2580 fingere
1093 2516 1149 2561 uo

139 2583 193 2648 his
221 2585 254 2646 et
275 2581 410 2666 iungere
432 2579 555 2646 formas
578 2580 729 2665 velimus,
757 2581 864 2665 qualis
886 2581 943 2646 ille
966 2583 1149 2648 maritimus

140 2670 258 2736 Triton
283 2669 444 2755 pingitur,
470 2668 661 2735 natantibus
683 2667 839 2734 invehens
861 2669 967 2735 beluis
990 2670 1149 2736 adiunctis

139 2760 283 2825 humano
311 2757 452 2842 corpori,
479 2757 565 2823 nolis
589 2778 668 2822 esse.
717 2756 854 2824 Difficili
875 2757 911 2822 in
933 2757 1005 2824 loco
1028 2780 1150 2825 uersor.

138 2847 203 2914 Est
225 2847 312 2913 enim
333 2846 384 2911 ris
406 2849 501 2911 teuta
522 2849 668 2932 naturae,
690 2850 728 2911 ut
749 2846 848 2912 homo
869 2867 965 2912 nemo
987 2847 1069 2912 velit
1086 2847 1151 2913 nisi

87 2947 120 2987 ⁸⁰
138 2935 283 3002 hominis
315 2933 433 3000 similis
464 2955 543 2999 esse.
591 2935 637 3000 Et
668 2934 798 3019 quidem
823 2934 961 3001 formica
986 2934 1149 3003 formicae.
1169 2950 1201 3000 '19

139 3023 203 3091 Sed
230 3028 342 3089 tamen
367 3023 459 3089 cuius
480 3022 643 3107 hominis?
676 3027 795 3107 quotus
818 3024 904 3089 euim
927 3023 1064 3110 quisque
1085 3024 1150 3092 ior·
1231 3096 1235 3105 .

139 3135 251 3179 mosus
274 3112 347 3178 est?
391 3112 532 3177 Athenis
555 3133 627 3177 cum
651 3133 768 3192 essem,
792 3134 810 3177 e
833 3113 988 3199 gregibus
1011 3113 1150 3199 ephebo·

138 3224 213 3268 rum
234 3201 290 3266 rix
313 3200 436 3288 singuli
457 3200 710 3287 reperiebantur.
755 3199 867 3285 Video,
890 3201 968 3284 quid
988 3202 1149 3288 adriseris,

140 3290 198 3356 sed
223 3291 273 3355 ita
299 3293 409 3355 tamen
433 3309 468 3354 se
490 3311 543 3354 res
565 3288 674 3354 habet.
713 3287 838 3354 Deinde
860 3289 970 3373 nobis,
998 3293 1054 3375 qui
1077 3313 1150 3357 cou-
1165 3312 1177 3333 =¹

102 3378 329 3447 accedentibus
351 3376 558 3479 philosophis
581 3378 724 3479 antiquis
743 3378 994 3445 adulescentulis
1013 3378 1150 3445 delecta·
1185 3392 1190 3399 ’

139 3488 222 3623 hl
235 3464 836 3640 lttrlllflfrllhlh
858 3464 1003 3641 iffi
1020 3471 1150 3621 lull
