2654 3924
423 237 491 294 LIB.
510 238 545 293 Η.
570 238 646 294 OAP.
665 245 743 294 2-2.
762 245 778 304 s
796 243 892 294 5-11.
1096 237 1161 303 309

155 379 292 448 Graecia
317 381 486 447 verissime
513 381 633 466 dicere3
659 405 735 447 nam
763 386 797 447 et
822 383 897 468 ipsa
918 382 1161 468 Peloponnesus

154 469 222 535 fere
243 474 316 535 tota
337 469 372 535 in
394 471 477 535 mari
500 474 564 555 est,
584 470 589 554 Ι
608 492 668 537 nec
689 475 820 556 praeter
841 470 1027 536 Phliuntios
1051 473 1091 552 [p.
1110 487 1161 536 228

154 558 215 623 ulli
238 561 323 641 sunt,
346 579 484 643 quorum
507 559 579 645 agri
600 581 668 624 non
687 559 881 644 contingent
898 581 996 642 mare,
1020 562 1053 624 et
1071 562 1162 625 extra

154 645 414 732 Peloponnesum
437 646 600 712 Aenianes
623 650 657 712 et
678 646 777 712 Doris
800 651 833 712 et
854 646 1000 733 Dolopes
1023 647 1086 713 soli
1109 647 1162 713 ab·

128 739 233 800 esunt
265 757 285 801 2
315 735 407 801 mari.
457 733 540 811 Quid
573 734 678 801 dicem
709 736 835 801 insulas
867 734 1043 801 Graeciae?
1080 757 1162 821 quae

154 824 307 889 fluctibus
334 824 457 890 cinctae
483 827 600 889 natant
627 846 729 909 paene
755 824 847 910 ipsae
871 825 969 889 simul
992 846 1066 890 cum
1088 824 1163 890 civi-

155 917 261 978 tatum
283 912 444 977 institutis
468 916 501 977 22
523 912 677 978 moribus.
716 912 826 998 Atque
849 914 929 979 haec
952 913 1096 999 quidem,
1125 916 1197 978 uts

156 1022 255 1086 supra
282 1000 361 1084 dixi,
391 1000 512 1066 veteris
540 1005 617 1066 sunt
639 1000 802 1067 Graeciae.
848 1000 1058 1068 Coloniarum
1084 1023 1161 1067 vero

156 1111 239 1174 quae
266 1093 317 1153 est
343 1089 480 1155 deducta
507 1111 527 1153 2
549 1087 657 1154 Graiis
683 1091 719 1154 in
740 1089 870 1176 Asiam,
897 1089 1072 1174 Τ12222222,
1098 1088 1162 1155 122-

116 1177 248 1261 2212222,
284 1176 441 1262 Siciliam,
477 1177 624 1243 Africam
659 1182 790 1263 praeter
820 1201 920 1244 unam
950 1178 1162 1266 Magnesiam,

156 1287 254 1351 quam
280 1265 367 1331 unda
387 1288 455 1331 non
477 1266 612 1331 adluat?
643 1265 696 1331 122
718 1267 933 1333 barbarorum
957 1269 1045 1354 agris
1069 1269 1162 1354 quasi

156 1356 289 1420 adtexta
311 1354 317 1439 Ι
342 1354 500 1439 quaedam
526 1354 655 1420 videtur
682 1377 739 1421 ors
767 1377 837 1421 esse
860 1354 1028 1440 (22222122,
1051 1359 1091 1438 [p.
1110 1373 1162 1423 222

154 1466 232 1508 nam
258 1464 276 1508 e
298 1443 447 1509 barbaris
470 1443 600 1528 quidem
621 1444 703 1528 ipsis
725 1443 809 1508 nulli
832 1447 925 1509 erent
948 1449 1045 1510 antea
1068 1446 1163 1510 mari·

117 1606 122 1613 ‚
155 1532 239 1597 tumi
256 1534 385 1616 praeter
398 1531 555 1598 Etruscos
570 1535 604 1597 et
616 1530 752 1616 Poenos,
771 1533 866 1597 alteri
880 1534 1043 1598 mercandi
1057 1554 1163 1617 cause,

117 1638 142 1679 ie
156 1620 371 1685 latrocinandi
398 1620 503 1686 alteri.
548 1618 636 1696 Quae
665 1642 763 1686 causa
789 1622 960 1706 perspicua
987 1625 1038 1687 est
1063 1622 1164 1687 malo-

155 1730 228 1774 rum
264 1708 618 1794 commutationumque
649 1708 804 1774 Graeciae
839 1713 974 1795 propter
1008 1731 1048 1775 22
1082 1709 1165 1776 vitia

156 1796 394 1862 maritimarum
416 1797 555 1881 urbium,
579 1819 661 1882 quae
682 1800 758 1862 ante
776 1798 874 1882 paulo
892 1797 1093 1883 perbreviter
1111 1798 1164 1863 sd-

156 1886 227 1972 tigi.
273 1883 335 1950 Sed
362 1889 474 1950 tamen
499 1885 535 1949 in
560 1885 612 1950 his
635 1885 725 1951 vitiis
748 1886 834 1951 inest
855 1886 915 1951 illa
936 1908 1057 1973 magna
1080 1907 1164 1952 com-

157 1974 310 2058 moditas,
342 1978 388 2057 et,
420 1973 506 2058 quod
534 1974 654 2060 ubique
685 1975 832 2061 genitum
857 1979 862 2053 Ι
886 1978 950 2060 est,
981 1979 1019 2041 ut
1051 1977 1092 2056 [p.
1110 1991 1163 2041 222

115 2080 142 2120 20
156 2062 197 2127 ad
220 2084 292 2128 eam
309 2063 433 2147 urbem,
457 2084 555 2147 quam
572 2063 706 2147 incolas,
725 2063 832 2148 possit
849 2062 977 2147 adnare,
1000 2067 1034 2128 et
1051 2085 1162 2129 rursus

155 2155 193 2216 ut
220 2150 267 2237 id,
296 2151 383 2237 quod
410 2151 483 2238 agri
505 2152 641 2217 efferant
664 2151 728 2235 sui,
756 2172 972 2237 quascumque
999 2152 1103 2217 velint
1128 2153 1164 2217 in

154 2244 269 2324 terres,
292 2243 425 2325 portare
447 2239 576 2325 possint
598 2263 636 2306 ac
658 2241 798 2305 mittere.

221 2327 283 2404 oui
314 2330 423 2413 poene
453 2328 556 2413 igitur
585 2328 725 2393 nemus
754 2332 788 2393 et
814 2329 976 2394 aenaea
1003 2328 1162 2415 conplecti
1181 2301 1218 2428 ξ’,

155 2418 338 2483 maritimas
356 2416 516 2482 Romulus
539 2420 573 2482 et
592 2418 675 2481 vitia
691 2417 805 2502 vitare,
828 2439 926 2503 quam
945 2418 1031 2503 quod
1048 2418 1162 2484 urbem

115 2506 305 2590 cperennis
328 2505 434 2570 amnis
457 2508 491 2569 et
513 2506 694 2590 aequabilis
717 2509 751 2570 et
773 2505 808 2569 in
829 2528 919 2572 mare
940 2505 1008 2572 late
1030 2507 1163 2572 influen-

155 2593 199 2657 tis
230 2593 341 2678 posuit
371 2594 406 2657 in
436 2593 531 2677 ripa?
563 2615 627 2678 quo
658 2597 771 2679 posset
802 2594 881 2659 urbs
910 2597 944 2659 et
971 2596 1116 2681 accipere
1142 2617 1163 2661 2

156 2680 248 2765 mari,
262 2702 325 2765 quo
340 2684 459 2768 egeret,
473 2685 507 2745 et
520 2680 662 2765 reddere,
676 2703 739 2767 quo
754 2680 957 2766 redundaret,
973 2679 978 2770 Ι
994 2704 1045 2748 eo·
1059 2685 1100 2764 [p.
1110 2698 1161 2748 222

156 2767 291 2853 demque
319 2772 356 2833 ut
377 2769 509 2834 flumine
531 2790 583 2835 res
607 2769 649 2834 ad
670 2770 793 2836 victum
815 2770 1002 2856 cultumque
1024 2771 1163 2837 maxime

155 2856 353 2922 necessarias
379 2878 445 2922 non
472 2859 579 2923 solum
606 2859 690 2923 mari
715 2858 952 2944 †absorberet,
979 2859 1036 2925 sed
1063 2860 1162 2926 etiam

115 2961 142 3003 ⁸⁰
155 2944 300 3011 invectas
318 2945 478 3030 acciperet
495 2967 534 3011 ex
552 2950 649 3031 terra,
672 2951 709 3012 ut
727 2947 809 3012 mihi
826 2947 892 3012 iam
910 2952 982 3013 tum
1000 2947 1162 3015 divinasse

64 3053 68 3060 ·
154 3033 211 3099 ille
233 3033 382 3100 videatur
404 3033 488 3099 hanc
510 3035 623 3100 urbem
646 3036 754 3101 sedem
778 3035 951 3121 aliquando
975 3041 1008 3102 22
1031 3036 1162 3103 domum

155 3144 281 3188 summo
311 3142 382 3188 esse
408 3121 544 3207 imperio
571 3123 809 3209 praebituram
839 3146 916 3190 nam
943 3124 1027 3191 hanc
1053 3147 1161 3191 rerum

153 3215 282 3277 tentam
312 3210 495 3296 potentiam
525 3233 592 3277 non
622 3212 723 3278 ferme
754 3212 883 3278 facilius
910 3214 980 3278 ulla
1006 3214 1041 3279 in
1066 3219 1161 3300 parte

153 3298 269 3364 Italiae
290 3299 401 3383 posita
421 3299 499 3364 urbs
521 3303 631 3366 tenere
652 3301 822 3386 potuisset.

112 3403 140 3446 ss
219 3386 319 3453 Urbis
339 3391 449 3453 autem
466 3388 570 3473 ipsius
587 3390 700 3455 nativa
714 3389 877 3475 praesidia
892 3391 964 3476 quis
976 3386 980 3478 l
992 3392 1043 3456 est
1057 3392 1097 3471 [p.
1108 3406 1159 3455 222
1179 3369 1211 3495 {3¹

152 3482 222 3542 tam
244 3477 421 3563 neglegens
445 3477 500 3562 qui
522 3497 589 3542 non
609 3477 731 3563 lrabeat
749 3479 858 3544 animo
875 3482 991 3544 notata
1009 3498 1046 3543 cc
1062 3478 1160 3564 plane

153 3565 306 3651 cognite?
329 3565 419 3630 cuius
442 3565 471 3630 is
494 3570 545 3630 est
567 3570 692 3631 tractus
710 3566 889 3650 ductusque
907 3567 993 3632 muri
1010 3587 1083 3632 cum
1096 3567 1160 3633 Ro·
