2654 3924
161 174 226 240 336
530 172 580 227 DE
597 172 646 227 RE
664 171 821 227 PUBLICA

161 324 282 385 tautum
304 320 468 386 mammis
489 321 609 385 studere
630 321 781 384 iuuant.
817 319 884 384 Nee
903 318 1057 383 immerito
1074 319 1181 383 extitit

160 407 343 486 Carneades,
364 408 453 474 homo
475 428 594 473 ummo
616 409 738 489 iuuenta
760 412 791 472 et
810 408 960 488 artemiae,
982 408 1037 489 qut
1057 407 1179 487 refelle-

159 502 207 560 ret
232 499 362 561 istarum
389 497 559 562 orationem
585 502 615 562 et
635 497 801 573 iustitium,
829 516 909 578 quae
935 497 1179 576 fundamentum

160 584 268 651 stabile
298 606 362 650 nau
393 585 533 668 habebat,
564 589 717 669 everteret,
747 605 810 649 aaa
837 586 913 665 aetra
938 585 1179 667 vituperandam

160 692 222 738 esse
242 675 396 740 iristitiam
416 674 571 758 sentiebat,
593 675 647 739 sed
666 678 704 738 at
719 673 790 738 ittos
806 675 976 753 defensares
993 673 1059 738 eius
1076 678 1177 738 uetere
1194 692 1210 731 s

158 763 242 827 deret
261 763 342 828 uitet
363 763 445 841 certi,
467 762 548 827 iau
568 763 656 844 firmi
677 762 714 828 de
734 762 857 827 iustitia
877 762 1043 844 disputare.
1078 760 1178 844 (Lae-

161 851 279 916 tautiue
300 853 420 933 epitom,
442 852 491 916 55.
513 851 625 933 5-8.)

227 939 275 1005 Μ.
310 940 433 1004 Tattius
462 940 499 1003 ete
529 960 563 1004 re
588 939 716 1020 publiea
747 939 800 1005 tib.
830 937 889 1003 II:
920 936 1054 1002 Iustitiu
1084 937 1177 1002 foras

161 1031 297 1112 spectat
318 1031 352 1092 et
380 1026 527 1113 proiecte
553 1023 627 1091 toti
654 1030 705 1092 est
732 1031 830 1112 atque
858 1026 987 1092 eminet.
1033 1027 1179 1109 (Nouius

182 1122 286 1182 ,373ο
309 1119 360 1183 25.
1195 1135 1224 1174 ru

158 1139 181 1198 p
227 1211 273 1269 M.
297 1116 420 1278 uetitas
442 1206 479 1271 ue
499 1226 533 1270 re
550 1205 635 1286 preti.
659 1204 710 1270 ea.
728 1203 787 1269 II:
811 1202 900 1279 Quue
918 1203 1024 1268 virtus
1042 1207 1178 1289 praeter
1296 1224 1297 1293 t

161 1297 285 1358 ceteras
313 1297 419 1358 totam
449 1315 483 1358 se
515 1293 556 1359 ad
584 1293 707 1359 alienas
733 1292 875 1378 porrigit
897 1291 1052 1357 utilitatis
1076 1297 1178 1377 atque
1296 1298 1297 1387 t

161 1382 309 1467 explieat,
345 1382 486 1464 (Neuius
504 1403 537 1464 p.
558 1387 633 1449 299.
655 1382 722 1458 30.)
1296 1392 1297 1395 ’

111 1454 142 1580 ¹}
160 1499 187 1551 p.
207 1472 273 1552 205]
348 1474 464 1536 ....et
486 1470 644 1556 reperiret
666 1474 699 1534 et
721 1473 876 1554 tueretur,
900 1470 985 1534 alter
1003 1473 1114 1536 autem
1134 1471 1176 1535 de
1296 1502 1297 1559 f

160 1559 233 1644 ipsa
245 1559 374 1625 iustitia
388 1563 544 1644 quattuor
556 1558 707 1643 implevit
721 1580 799 1623 saue
811 1558 944 1644 grundis
954 1559 1066 1624 libros.
1085 1557 1176 1624 Nam
1193 1580 1222 1620 ιε

162 1650 203 1713 ab
218 1646 401 1733 Chrysippo
419 1648 502 1712 nihil
519 1668 675 1733 magnum
688 1668 748 1712 nee
762 1647 971 1732 magnifieum
985 1646 1177 1730 desideravi,

162 1737 218 1820 qui
245 1758 303 1802 suo
332 1737 473 1821 quodam
500 1757 590 1801 more
612 1735 772 1820 loquitur,
799 1739 837 1800 ut
864 1735 974 1800 omnis
1001 1737 1178 1801 verborum

32 1882 39 1899 ,
161 1826 349 1907 momentis,
376 1846 443 1890 non
469 1846 578 1889 rerum
601 1824 797 1910 ponderibus
821 1825 990 1889 examinet.
1035 1822 1177 1890 Illorum

161 1914 225 1978 fuit
247 1914 384 1979 heroum
406 1935 479 1977 eam
497 1913 662 1996 virtutem,
686 1934 769 1997 quae
787 1918 838 1977 est
855 1934 929 1996 unu,
952 1912 1095 1978 simodo
1114 1917 1177 1998 est,

162 2003 301 2068 maxime
330 2001 482 2066 munifica
510 2005 543 2066 et
571 2001 730 2085 liberalis,
763 2005 796 2066 et
824 2022 906 2086 quae
934 2001 1040 2066 omnis
1066 2002 1223 2088 mugisse

162 2120 189 2170 p.
209 2093 275 2171 eos]
305 2112 403 2174 quam
431 2111 523 2174 sepse
551 2088 674 2175 diligit,
704 2089 778 2154 aliis
805 2092 884 2153 nata
910 2089 1021 2174 potius
1045 2090 1050 2172 Ι
1075 2112 1177 2174 qua-m

163 2179 235 2262 sibi,
254 2178 394 2243 exaitare
411 2178 572 2242 iacentem
591 2182 623 2242 et
645 2178 680 2241 in
698 2177 756 2242 illo
775 2177 883 2243 divino
899 2177 982 2243 solio
996 2200 1063 2243 non
1076 2178 1177 2266 longe

112 2284 185 2332 reu
217 2266 378 2351 sapientia
410 2266 588 2332 eonloeare.
633 2264 810 2351 Neebvero
839 2266 907 2329 illis
938 2270 995 2331 aut
1021 2267 1176 2333 voluntas

163 2355 265 2420 defuit
293 2353 390 2440 (quae
419 2355 504 2420 enim
531 2355 572 2419 iis
602 2354 764 2420 scribendi
791 2354 857 2420 elie
887 2376 985 2420 eausa
1008 2360 1065 2420 aut
1088 2356 1176 2439 quod

162 2445 294 2510 omuino
323 2443 494 2508 eonsilium
520 2442 620 2527 fuiti)
649 2447 706 2508 sut
727 2443 908 2529 ingenium,
932 2465 996 2527 quo
1020 2445 1173 2510 omnibus
1190 2464 1217 2503 su

162 2532 410 2620 praestiterunt3
446 2532 502 2598 sed
535 2554 646 2597 eorum
679 2536 712 2597 et
744 2533 948 2598 voluntatem
981 2536 1014 2596 et
1046 2533 1175 2617 cupium

163 2645 260 2689 causa
287 2621 374 2686 vieit.
419 2620 474 2685 Ius
502 2621 602 2703 enim,
629 2620 669 2685 de
692 2642 756 2704 quo
780 2620 978 2704 quaerimus,
1005 2620 1100 2686 civile
1124 2626 1176 2686 est

163 2711 309 2796 aliquod,
344 2710 494 2775 naturale
528 2710 670 2792 nullum3
704 2730 781 2773 uam
814 2709 842 2773 si
869 2712 968 2791 esset,
1000 2712 1038 2773 ut
1069 2709 1176 2774 calide

163 2806 196 2865 et
227 2798 361 2886 frigida,
393 2803 430 2862 ut
461 2820 574 2863 amara
601 2801 634 2862 et
661 2797 780 2881 dulcia,
812 2797 859 2861 sie
886 2800 995 2862 essent
1023 2797 1112 2862 iustu
1141 2802 1176 2862 et

123 2917 190 3021 91).
211 2887 548 3059 lssuffiluiiiessdeii
570 2886 730 3059 {ffilsulffiz
756 2973 941 3039 Pacuviano
971 2973 1174 3039 ‘invehens
1189 2905 1217 2945 ³0

111 3036 144 3084 Μ
163 3064 302 3131 alitum
325 3063 506 3149 anguium
530 3061 658 3129 eurru'
682 3064 803 3127 multus
826 3066 859 3127 et
882 3063 990 3127 rarius
1014 3063 1121 3147 gentis
1141 3066 1176 3127 et

162 3154 259 3219 urbes
292 3152 455 3237 despicere
488 3156 521 3216 et
552 3152 654 3217 oeulis
684 3151 886 3216 conlustrare
914 3149 1033 3235 possit,
1064 3151 1175 3216 videat

161 3241 304 3326 primum
322 3240 434 3305 inille
450 3240 639 3325 incorrupte
656 3240 796 3304 maxime
815 3242 910 3323 gente
926 3238 1173 3324 Aegyptiorum,

163 3350 245 3412 quae
266 3328 482 3412 plurimorum
500 3328 702 3392 saeculorum
722 3331 755 3391 et
773 3329 964 3391 eventorum
982 3327 1174 3392 memorium
1189 3346 1216 3388 ss

162 3415 283 3480 litteris
307 3416 465 3498 eontinet,
487 3414 605 3480 borum
629 3415 789 3498 quendam
811 3413 922 3499 putari
945 3413 1053 3497 deum,
1078 3437 1173 3499 quem

162 3504 262 3588 Apim
275 3502 433 3588 Aegyptii
449 3503 628 3585 nominent,
647 3503 814 3586 multaque
833 3502 899 3567 ulia
916 3506 1070 3584 portenta
1088 3503 1173 3588 apud
