2652 3908
361 211 430 269 nm.
449 212 484 269 11.
510 212 585 267 clP.
606 219 719 268 10-12.
743 219 890 280 ere-sa.
1089 213 1131 278 57

118 380 257 443 conexa,
282 355 403 423 habere
426 357 567 442 aliquem
590 357 636 422 in-
649 379 683 423 se
705 357 938 443 principatum,
961 361 998 424 ut
1019 357 1056 423 in
1076 348 1138 424 ho?

118 447 207 512 mine
229 449 387 531 mentem,
409 444 444 511 in
466 445 564 511 belua
586 446 740 531 quiddam
764 446 870 512 simile
893 446 1025 532 mentis,
1048 445 1133 512 unde

120 535 272 602 oriantur
289 556 398 601 rerum
418 533 590 620 adpetitus.
627 533 667 599 In
681 534 836 600 arborum
850 537 959 601 autem
973 539 1007 601 et
1021 556 1133 601 earum

118 646 240 709 rerum,
262 644 345 709 quae
369 623 549 710 gignuntur
571 644 589 688 e
611 626 709 708 terra,
732 622 895 689 radicibus
917 623 1024 689 inesse
1046 624 1133 711 prin·

92 712 250 798 soiperus
279 715 424 798 putatur.
473 711 698 797 Principatum
727 715 838 777 autem
865 712 900 778 id
929 712 1014 798 dico,
1047 712 1160 797 quod;

120 800 239 867 Graeci
255 793 459 885 ἡγεμονικόν
477 803 605 884 vocant,
629 821 693 886 quo
711 799 795 865 nihil
814 800 848 865 in
868 822 996 886 quoque
1016 821 1133 888 genere
1156 788 1161 847 ἶ

119 911 181 956 nec
207 891 318 975 potest
344 910 404 955 nec
431 888 527 954 debet
554 909 626 954 esse
652 888 883 975 praestantius.
928 889 981 955 lta
1002 910 1133 956 neeesse

120 981 174 1044 eet
195 977 279 1043 illud
302 977 411 1062 etiam,
434 977 470 1042 in
492 998 556 1061 quo
580 977 624 1042 sit
647 977 749 1042 totius
767 981 904 1043 naturae
922 977 1134 1066 principatus,

121 1088 193 1133 esse
226 1064 569 1151 omniumoptiffium‘
593 1065 801 1151 ommhmque
830 1088 939 1132 rerum
968 1070 1133 1152 potestate

83 1173 109 1214 ro
123 1155 356 1239 dominatuque
383 1153 619 1240 dignissimum.
664 1153 821 1220 Videmus
844 1159 953 1221 autem
975 1155 1011 1220 in
1032 1178 1076 1241 pa
1113 1156 1133 1204 '·
1152 1171 1186 1223 ee

122 1244 184 1310 bus
207 1243 320 1308 mundi
342 1239 439 1328 (nihil
463 1246 514 1308 est
536 1243 622 1308 enim
645 1243 681 1307 in
704 1242 793 1309 omni
810 1244 939 1327 mundo,
964 1244 1051 1329 quod
1067 1266 1135 1310 non

121 1353 200 1420 pars
227 1330 371 1398 universi
394 1328 452 1418 sit)
475 1331 582 1404 inesse
605 1351 736 1396 sensum
759 1335 857 1416 atque
880 1333 1050 1398 rationem.
1094 1331 1134 1397 In

122 1442 163 1487 ea
183 1423 278 1506 parte
300 1419 411 1506 igitur,
433 1419 469 1484 in
492 1440 557 1504 qua
578 1419 691 1485 mundi
712 1420 799 1485 inest
820 1419 1033 1506 principatus,
1054 1421 1135 1487 haec

121 1509 230 1574 inesse
258 1529 389 1574 necesse
416 1511 480 1593 est,
510 1511 544 1573 et
572 1508 698 1574 acriora
726 1507 855 1592 quidem
879 1514 977 1593 atque
1000 1509 1134 1574 maiora.

80 1615 108 1658 ra
122 1596 283 1674 Quocirca
309 1596 489 1682 eapientem
518 1617 588 1662 esse
616 1596 772 1661 mundum
798 1617 929 1662 necesse
951 1601 1016 1681 eet,
1042 1603 1135 1662 natu-

121 1707 259 1770 ramque
286 1707 372 1766 eam,
403 1707 486 1771 quae
513 1706 565 1750 res
593 1706 705 1753 omnes
732 1685 890 1770 conplexa
916 1687 1038 1769 teneat,
1065 1707 1135 1771 per·

120 1775 263 1840 factione
286 1772 423 1840 rationis
448 1774 613 1858 excellere,
637 1795 738 1858 eoque
762 1774 857 1839 deum
881 1794 952 1839 esse
970 1774 1135 1860 mundum,

123 1884 318 1949 omnemque
340 1862 407 1928 uim
425 1861 538 1927 mundi
555 1866 674 1928 natura
692 1862 802 1928 divina
819 1862 987 1929 contineri.
1025 1864 1135 1948 Atque

123 1951 225 2017 etiam
252 1951 367 2017 mundi
388 1951 446 2016 ille
468 1950 578 2016 fervor
599 1950 725 2037 purior,
751 1951 948 2036 perlucidior
970 1951 1136 2018 mobilior·

80 2059 110 2100 so
124 2061 187 2126 que
209 2040 379 2113 estmulto
399 2040 442 2106 oh
460 2060 579 2124 easque
598 2061 713 2105 causas
731 2040 840 2125 aptior
858 2040 900 2105 ad
918 2061 1032 2106 sensus
1051 2063 1135 2106 com·

123 2128 302 2194 movendos
325 2150 423 2215 quam
441 2126 494 2194 hic
512 2131 623 2193 noster
642 2128 739 2212 calor,
762 2149 826 2213 quo
845 2129 932 2213 haec,
957 2152 1039 2214 quae
1056 2133 1136 2196 nota

121 2217 221 2284 nobis
251 2220 341 2301 sunt,
372 2216 554 2282 retinentur
586 2220 620 2282 et
650 2216 772 2302 vigent.
817 2215 1006 2283 Absurdum
1033 2217 1136 2304 igitur
1154 2233 1187 2284 er

123 2309 176 2371 est
195 2305 310 2390 dicere,
333 2326 407 2371 cum
424 2304 574 2371 homines
592 2304 780 2389 bestiaeque
799 2305 861 2371 hoc
879 2305 987 2372 calore
1006 2309 1135 2372 tenean-

40 2425 43 2431 ·
121 2398 179 2461 tur
202 2395 237 2460 et
257 2397 432 2480 propterea
448 2396 641 2459 moveantur
659 2415 696 2459 ac
716 2393 867 2478 sentiant,
889 2395 1046 2459 mundum
1065 2416 1135 2460 esse

81 2499 108 2543 rs
122 2483 195 2550 aine
225 2504 335 2568 sensu,
365 2482 420 2567 qui
448 2481 578 2567 integro
606 2484 640 2545 et
667 2481 770 2548 libero
798 2484 833 2548 et
853 2505 936 2568 puro
959 2482 1135 2568 eodemque

122 2571 284 2639 acerrimo
312 2574 346 2636 et
373 2569 590 2636 mobilissimo
613 2570 728 2636 ardore
751 2573 914 2656 teneatur,
941 2572 1134 2657 praesertim

122 2683 200 2727 cum
230 2659 259 2724 is
287 2658 398 2744 ardor,
431 2658 487 2745 qui
515 2662 565 2724 est
592 2658 717 2744 mundi,
747 2680 814 2725 non
837 2659 982 2746 agitatus
1006 2660 1047 2724 ab
1071 2660 1136 2726 alio

121 2769 230 2834 neque
257 2751 390 2813 externo
417 2748 530 2833 pulsu,
563 2746 619 2812 sed
646 2767 705 2832 per
727 2768 761 2813 se
783 2747 854 2832 ipse
878 2770 915 2813 ac
939 2769 997 2813 sua
1020 2752 1137 2833 sponte

122 2839 305 2904 moveatur.
353 2834 441 2902 Nam
470 2835 549 2921 quid
576 2839 688 2922 potest
716 2857 787 2901 esse
816 2837 935 2901 mundo
965 2837 1138 2922 valentius,

82 2943 110 2985 so
124 2924 213 3011 quod
239 2925 344 3011 pellat
370 2928 469 3010 atque
491 2927 622 2989 moveat
644 2924 786 2990 calorem
809 2946 896 3010 eum,
924 2945 988 3009 quo
1011 2924 1068 2991 ille
1091 2930 1137 2992 te·

121 3014 264 3081 ncatur?
314 3012 495 3079 Audiamus
528 3012 615 3078 enim
644 3012 817 3078 Platonem
849 3013 943 3098 quasi
976 3014 1137 3098 quendam
1149 2985 1190 3113 13}

123 3101 526 3202 deumphilosophomm3
544 3101 596 3167 cui
614 3101 677 3167 duo
693 3101 803 3189 placet
817 3122 887 3167 esse
901 3105 1019 3187 motus,
1037 3125 1138 3168 unum

123 3212 233 3275 suum,
261 3190 402 3256 alterum
425 3193 607 3274 externum,
634 3199 705 3256 esse
733 3194 843 3256 autern
866 3190 1019 3275 divinius,
1052 3191 1139 3276 quod

123 3279 235 3365 ipsum
257 3300 296 3344 ex
320 3300 354 3344 se
377 3300 438 3345 sua
460 3281 578 3364 sponte
600 3281 784 3364 moveatur,
812 3300 910 3363 quam
933 3279 1019 3364 quod
1041 3280 1140 3365 pulsu

85 3380 110 3426 ῦὸ
124 3367 272 3456 agitetur
299 3367 416 3434 alieno.
461 3366 556 3433 Hunc
579 3370 688 3455 autem
712 3370 837 3433 motum
859 3366 894 3431 in
917 3366 997 3433 solis
1020 3367 1139 3434 animis

124 3476 197 3522 esee
224 3455 331 3543 ponit,
359 3456 401 3522 ab
423 3455 540 3541 hisque
562 3455 758 3541 principium
780 3458 889 3520 motus
913 3476 984 3520 esse
1007 3455 1140 3521 ductum

122 3547 232 3631 putat.
279 3542 494 3631 Quapropter,
518 3543 672 3627 quoniam
694 3565 734 3608 ex
757 3543 869 3608 mundi
892 3542 1007 3609 ardore
1030 3546 1139 3607 motus
