2652 3908
209 195 273 261 110
517 194 568 249 DE
585 194 738 252 NATURA
756 193 912 250 DEORUM

206 361 259 406 me
282 340 385 406 doses.
422 338 507 416 Quid
528 343 588 425 est,
611 339 718 425 inquit
735 337 869 424 Balbus,
892 339 922 405 si
943 339 1007 405 tibi
1026 361 1223 427 persuasum

206 432 270 514 ost,
297 451 354 494 our
381 451 401 495 a
427 449 480 493 me
506 428 589 494 velis
617 427 760 493 discere?
805 427 890 493 Tum
917 427 1030 496 Cotta:
1062 426 1146 504 Quia
1175 429 1223 496 sio

206 517 394 604 adgredior,
416 517 537 603 inquit,
560 517 601 582 ad
623 516 708 583 hano
730 516 995 603 disputationem,
1018 517 1113 601 quasi
1135 517 1222 582 nihil

205 627 360 691 umquam
383 605 541 671 audierim
564 605 603 670 de
626 604 676 669 dis
694 605 933 690 inmortalibus,
955 606 1038 670 nihil
1057 607 1223 692 cogitare»

205 695 283 780 rim,
309 695 422 797 rudem
446 716 498 760 me
521 696 555 760 et
576 694 742 796 integrum
765 694 960 796 discipulum
983 694 1092 795 aoripe
1114 698 1153 797 et
1173 716 1222 778 ea,
1249 714 1263 758 s

171 782 517 959 hildilid?
518 782 735 954 stultu?
731 782 1174 957 {laudatius
1174 804 1223 937 31⁸0·

206 960 456 1114 edepereqmdem·
469 959 617 1112 oratiopo
636 959 782 1112 dtixipses,
801 959 889 1062 quod
905 963 994 1114 effi
1010 959 1222 1113 perlstpiepipm

205 1071 223 1115 e
261 1072 296 1114 ιιι
330 1069 648 1115 rommsoonsere
719 1069 893 1114 eeo1so
1009 1070 1066 1113 mu
1190 1070 1222 1114 e·

204 1138 260 1203 ris.
292 1135 376 1213 Quia
393 1142 428 1203 te
447 1158 584 1222 quoque,
606 1098 722 1221 inqdit,
740 1071 966 1222 animddverti,
985 1134 1093 1220 Cotta,
1111 1158 1221 1222 saepe,
1235 1161 1261 1200 lu

205 1249 278 1293 eum
300 1227 337 1292 in
353 1226 426 1292 foro
445 1226 576 1309 diceres,
599 1247 697 1310 quam
715 1225 867 1310 plurimis
885 1246 999 1311 posses
1015 1224 1221 1312 argumentis

206 1336 341 1382 onerare
367 1314 521 1398 iudicem,
549 1315 578 1379 si
605 1312 701 1378 modo
730 1335 803 1379 eam
825 1313 1017 1380 facultatem
1039 1313 1102 1378 tibi
1126 1314 1222 1379 duret

206 1425 312 1471 eausa.
353 1404 463 1488 Atque
485 1403 548 1470 hoo
568 1403 656 1467 idem
679 1405 713 1467 et
734 1401 922 1488 philosophi
943 1401 1069 1469 faciunt
1091 1406 1125 1468 et
1148 1425 1222 1489 ego,

205 1497 243 1559 ut
269 1492 375 1580 potui,
403 1491 476 1557 feci
521 1491 572 1557 Tu
599 1494 722 1575 autem,
753 1491 809 1575 qui
835 1490 870 1556 id
892 1492 1036 1576 quaeris,
1065 1490 1221 1556 similiter

205 1581 300 1665 faris,
323 1602 361 1647 ao
383 1580 413 1646 si
435 1601 487 1645 me
509 1599 620 1666 roges,
650 1601 707 1646 our
729 1582 763 1644 te
786 1579 913 1645 duobus
935 1584 1092 1645 oontuear
1112 1579 1220 1645 oeulis
1235 1601 1262 1643 ιι

165 1670 674 1833 diffttttuttti
696 1667 1222 1840 ztssidtsttthttssb

170 1803 334 1914 ⁹videris
379 1845 467 1912 Nam
493 1866 555 1933 ego
583 1866 687 1930 neque
714 1845 750 1910 in
775 1845 896 1929 seums,
924 1846 952 1910 si
980 1806 1059 1930 duid
1081 1808 1220 1911 est'esi·

169 2015 174 2025 ¹
207 1938 299 2020 dens,
322 1935 361 2001 de
384 1957 448 2019 quo
471 1933 684 2000 interamnis
707 1933 893 2019 conveniat,
921 1934 1146 2021 argumentari
1169 1955 1220 2000 so·
1318 1958 1319 2015 ι

205 2028 272 2109 leo;
298 2023 514 2110 perspiouites
542 2022 628 2088 enim
655 2023 940 2108 argumentatione
962 2021 1122 2107 elevatur3
1148 2044 1220 2107 neo,
1234 2044 1261 2085 ro

207 2114 236 2180 si
261 2113 303 2183 id,
322 2112 463 2177 faeerem
489 2111 524 2176 in
552 2112 658 2177 causis
685 2109 884 2195 forensibus,
911 2110 997 2176 idem
1019 2109 1161 2177 facerem
1183 2112 1221 2176 in

205 2204 268 2268 huo
290 2200 474 2266 subtilitate
498 2199 666 2266 sermonis.
707 2197 773 2266 Cur
795 2201 962 2265 coniveres
985 2203 1094 2265 autem
1113 2201 1220 2266 altero

206 2290 315 2374 oculo,
343 2310 441 2355 eausa
461 2309 528 2354 non
551 2292 651 2372 esset,
679 2310 752 2354 oum
775 2287 861 2353 idem
885 2288 1019 2363 obtutus
1041 2294 1129 2354 esset
1152 2311 1220 2355 am·

205 2380 332 2464 borum,
354 2380 389 2443 et
406 2399 480 2443 oum
498 2399 608 2443 rerum
625 2381 752 2460 natura,
776 2398 873 2461 quam
891 2380 929 2442 tu
948 2376 1128 2462 sapientem
1143 2398 1219 2442 esse

206 2469 266 2552 vis,
287 2467 351 2532 duo
374 2466 500 2533 lumina
518 2465 560 2532 ab
579 2466 687 2531 animo
706 2465 747 2530 ed
766 2466 877 2531 oculos
895 2464 1063 2551 perforata
1080 2487 1140 2531 nos
1160 2467 1217 2531 ha·
1232 2487 1259 2527 ιι

206 2557 283 2622 bere
304 2555 471 2621 voluisset.
517 2553 580 2620 Sed
603 2555 680 2640 quia
701 2575 767 2620 non
790 2554 974 2622 confidebas
997 2558 1066 2619 tam
1089 2575 1161 2620 esse
1183 2555 1219 2620 id

206 2644 426 2733 perspicuum,
453 2666 552 2729 quam
578 2645 617 2708 tu
643 2642 757 2725 velles,
784 2647 958 2729 propterea
986 2642 1099 2708 multis
1122 2664 1219 2730 argu·

206 2734 325 2801 mentis
356 2733 433 2799 deos
463 2753 534 2798 esse
564 2732 677 2797 dooere
704 2731 847 2796 voluisti.
892 2731 975 2796 Mihi
1002 2732 1087 2797 euim
1115 2755 1218 2797 unum

208 2828 260 2889 sat
283 2826 363 2907 erat,
384 2823 433 2887 ita
454 2820 550 2886 nobis
573 2821 712 2886 maiores
730 2824 862 2886 nostros
880 2819 1061 2886 tradidisse.
1098 2818 1162 2899 Sed
1179 2823 1217 2886 tu

156 2925 188 2975 ιο
207 2911 421 2980 auotoritatos
443 2909 635 2994 contemnis,
657 2910 784 2974 ratione
807 2929 943 2995 pugnas.
978 2907 1094 2973 Patere
1113 2909 1218 2995 igitur
1231 2927 1262 2970 so

205 3001 368 3067 rationem
394 3020 502 3064 meam
524 3014 598 3063 uum
620 3002 679 3062 tua
701 2998 828 3062 ratione
850 2996 1051 3063 contendere.
1096 2997 1217 3063 Adfers

204 3094 287 3155 haee
310 3086 420 3152 omnia
442 3090 645 3173 argumenta,
668 3108 725 3151 our
747 3085 780 3150 di
802 3086 878 3170 sint,
900 3108 1033 3171 remque
1055 3108 1129 3152 mea
1147 3108 1218 3152 sen·

206 3177 311 3243 tentia
344 3174 477 3240 minimo
509 3174 641 3241 dubiam
672 3175 930 3261 argumentando
962 3174 1094 3240 dubiam
1124 3174 1218 3241 facis.

205 3263 359 3332 Mandavi
391 3263 478 3328 enim
509 3264 684 3330 memoriae
714 3285 782 3329 non
809 3284 979 3328 numerum
1007 3264 1127 3347 solum,
1160 3265 1217 3329 sed

207 3354 308 3420 etiam
331 3350 477 3418 ordinem
500 3356 768 3438 argumentorum
790 3356 929 3417 tuorum.
974 3350 1120 3416 Primum
1142 3352 1217 3437 fuit,
1230 3369 1260 3413 se

206 3464 280 3508 oum
298 3439 424 3507 eaelum
443 3440 708 3526 suspexissemus,
725 3440 840 3505 statim
857 3461 919 3506 nos
937 3440 1128 3526 intellegere
1144 3462 1216 3506 esse

206 3530 339 3614 aliquod
356 3551 486 3614 numen,
505 3550 570 3614 quo
583 3529 663 3594 haee
676 3533 840 3612 regentur.
868 3527 919 3592 Ex
931 3529 994 3594 hoo
1006 3528 1088 3593 illud
1102 3530 1216 3595 etiam:
