2654 3912
189 239 256 304 354
554 236 603 291 DE
622 238 669 292 RE
687 236 844 292 PUBLIGA

189 384 267 469 quin
293 382 396 449 emori
422 382 518 448 malit
547 405 646 467 quam
668 381 813 447 converti
834 381 870 446 in
892 381 1036 466 aliquam
1058 382 1207 468 figuram

188 473 322 554 bestiae,
341 472 490 557 quamvis
504 470 646 536 hominis
660 474 803 536 mentem
816 470 861 534 sit
873 469 1055 553 habiturus,
1074 475 1207 554 quanto

188 566 240 627 est
269 560 418 625 miserius
448 559 483 624 in
511 558 653 626 hominis
680 559 786 645 figura
814 559 922 624 animo
950 581 1020 624 esse
1049 559 1206 625 efferato!

186 648 269 715 Mihi
297 647 426 734 quidem
452 650 547 714 tanto
574 646 715 731 ridetur,
744 651 865 731 quanto
893 647 1124 733 praestabilior
1149 651 1206 713 est

187 738 315 804 animus
339 758 482 822 corpore.
518 734 719 820 (Lactantim
739 738 810 801 inst.
834 738 895 801 dio.
924 736 956 801 V
972 742 1021 801 11.
1043 738 1092 820 2.)
1220 753 1236 795 s

252 827 312 891 Ait
336 827 469 908 quodum
496 825 558 890 loco
583 824 706 890 Tollius
732 845 767 888 se
789 845 855 888 non
877 827 993 909 putare
1016 824 1103 889 idem
1125 845 1205 889 esse

187 914 300 981 arietis
327 917 361 979 et
382 911 418 977 P.
441 911 589 978 Africani
615 913 746 977 bonum
784 910 996 996 (capotenus
1017 919 1125 978 contro
1143 913 1205 978 Iu-

187 1004 265 1069 lian.
286 1002 391 1084 Pelop.
413 1001 472 1066 IV
488 1006 540 1068 12.
562 1003 604 1066 59
628 1001 664 1065 Τ.
686 1001 723 1065 Χ
738 1021 771 1083 p.
794 1004 859 1066 612
880 1001 976 1084 Βεν.)
1087 1018 1089 1021 ·

253 1092 301 1156 M.
316 1090 438 1155 Tullius
451 1090 487 1155 de
498 1110 532 1155 νε
539 1089 624 1172 publ.
639 1089 688 1154 lib.
702 1088 772 1154 IV:
795 1090 970 1174 sedemque
989 1089 1118 1155 obiectu
1138 1111 1203 1156 suo

186 1179 338 1246 umbram
359 1181 552 1262 noctemque
575 1176 695 1243 efficiat
717 1199 791 1243 cum
814 1177 855 1242 ad
877 1199 1048 1242 numerum
1071 1177 1203 1244 dierum
1221 1197 1249 1237 ιο

188 1271 309 1354 aptam,
334 1270 406 1331 tum
429 1267 470 1331 ad
492 1267 642 1331 laborum
667 1264 817 1350 quietem.
861 1266 959 1350 (Noa.
978 1287 1010 1349 p.
1033 1270 1205 1351 23412.)

253 1356 302 1422 Μ.
327 1355 451 1420 Tullum
476 1356 513 1421 de
538 1375 572 1420 νε
587 1354 673 1438 publ.
698 1354 747 1418 lc.
770 1354 843 1419 IV:
872 1352 1016 1439 Cumque
1040 1357 1204 1421 autumno

187 1448 275 1510 terra
298 1465 333 1509 se
357 1443 398 1508 ad
420 1442 646 1528 concipiendas
668 1441 780 1527 fruges
802 1441 1003 1527 patefecerit,
1025 1443 1132 1508 hieme
1158 1444 1205 1508 ad

187 1532 450 1617 †oonoipiendas
473 1531 637 1615 relaxarit,
663 1531 788 1595 aestiva
810 1533 1001 1596 maturitate
1024 1532 1090 1597 alia
1112 1532 1203 1596 miti·

188 1622 325 1707 gaverit,
347 1620 413 1685 alia
435 1620 601 1685 torruerit.
636 1620 1010 1704 (Nouiusp.343.18.)
1219 1638 1247 1680 rs

253 1711 301 1775 M.
327 1710 450 1774 Tollius
476 1709 513 1774 de
537 1728 572 1773 νε
591 1708 678 1790 publ.
705 1708 755 1774 uu
778 1707 847 1772 IV:
879 1730 953 1774 cum
980 1708 1136 1774 adhibent
1163 1708 1204 1774 in

187 1798 311 1884 pecuda
333 1800 492 1883 pastores.
529 1796 667 1875 (Nouius
683 1818 717 1879 p.
739 1797 897 1881 159.13.)

149 1855 215 1982 ΞΡ.
236 1888 300 1967 111]
376 1884 614 1972 ....gratiam.
659 1883 764 1960 Quam
795 1885 962 1953 commode
995 1885 1124 1951 ordines
1153 1885 1201 1950 di·

189 1974 316 2059 scripti,
346 1976 485 2057 aetates,
515 1974 650 2055 classes,
679 1972 858 2058 equitatus,
886 1972 922 2037 in
949 1996 1012 2058 quo
1041 1975 1202 2061 suffragia

189 2066 266 2128 sunt
297 2062 397 2127 etiam
430 2066 574 2145 senatus,
609 2061 706 2126 nimis
739 2062 852 2126 multis
883 2061 950 2126 iam
982 2063 1082 2127 stulte
1113 2063 1200 2129 hanc
1215 2083 1244 2123 ro

188 2151 367 2216 utilitatem
399 2150 474 2215 tolli
506 2149 723 2234 cupientibus,
755 2151 811 2235 qui
842 2172 961 2215 novam
988 2151 1200 2237 largitionem

43 2244 46 2251 '
189 2241 350 2325 quaerunt
373 2238 484 2322 aliquo
506 2236 615 2324 plebei
637 2237 719 2303 scito
742 2239 977 2305 reddendorum
1000 2261 1166 2324 equorum.

148 2298 170 2424 ξ
256 2325 466 2392 Considerate
483 2348 577 2409 nuno,
595 2329 703 2391 cetera
721 2348 819 2411 quam
838 2326 904 2392 siut
921 2328 1055 2412 provisa
1073 2328 1201 2413 sapien·

187 2418 239 2481 ter
262 2415 304 2480 ad
324 2414 417 2480 illam
440 2414 559 2480 civium
581 2415 676 2479 beate
700 2418 732 2479 et
754 2414 891 2480 honeste
914 2415 1043 2481 vivendi
1064 2417 1198 2482 societa-

187 2532 215 2585 p.
237 2506 302 2586 112]
325 2507 406 2587 tem3
430 2525 468 2568 ea
491 2507 541 2568 est
564 2503 649 2569 enim
670 2502 674 2585 Ι
694 2503 802 2587 prima
824 2525 922 2569 causa
944 2504 1089 2589 coeundi,
1111 2507 1144 2570 et
1162 2505 1198 2570 id
1212 2522 1239 2563 so

188 2591 375 2658 hominibus
399 2591 484 2657 effici
506 2614 544 2656 ex
567 2613 602 2656 re
624 2591 756 2677 publica
774 2591 870 2657 debet
887 2593 1010 2677 partim
1027 2593 1199 2678 institutis,

188 2681 255 2747 alia
277 2680 415 2767 legibus.
451 2679 614 2765 Principio
638 2679 844 2764 disciplinam
862 2682 1020 2765 puerilem
1037 2681 1198 2767 ingenuis,

189 2770 228 2836 de
256 2792 321 2855 qua
339 2768 455 2835 Graeci
481 2770 621 2834 multum
643 2768 767 2833 frustra
789 2768 992 2851 laborarunt,
1019 2774 1052 2834 et
1074 2770 1110 2834 in
1132 2793 1198 2855 qna

188 2881 254 2924 una
276 2857 433 2942 Polybius
465 2860 578 2923 noster
608 2856 727 2941 hospes
758 2860 946 2922 nostrorum
969 2858 1196 2924 institutorum

188 2945 428 3100 peglpgentiepm
456 2949 599 3099 zelcmat,
626 2945 751 3097 nulssam
774 2948 896 3097 ceptam
919 2950 977 3010 aut
1000 2947 1196 3048 destinatam
1210 2964 1238 3005 ao

202 3057 256 3122 eg1
279 3057 317 3099 us
341 3056 382 3099 au
442 3056 464 3099 u
501 3056 548 3100 1ce
571 3054 754 3119 expos1em
771 3055 812 3098 eu
846 3055 944 3100 unam
953 3056 1107 3100 nmmum
1126 3056 1197 3100 esse

188 3124 370 3190 voluerunt.
439 3144 507 3187 am.
522 3172 530 3187 .
544 3170 574 3187 ..

310 3262 551 3346 [Desiderantur
565 3266 704 3347 popinae
724 3265 890 3329 minimum
912 3264 1079 3346 quattuor]

256 3386 430 3452 Secundum
455 3385 607 3465 Tullium,
634 3389 689 3469 qai
710 3389 785 3453 dicit
806 3388 847 3451 ad
870 3387 1025 3452 militiam
1045 3387 1197 3452 euntibus

190 3472 260 3545 dari
287 3473 403 3538 solitos
432 3493 501 3537 esse
529 3476 692 3558 custodes,
720 3497 740 3540 a
767 3475 883 3560 quibus
911 3476 1017 3560 primo
1041 3497 1125 3540 auno
1149 3497 1192 3538 re

190 3565 319 3647 gantur.
356 3560 496 3641 (Servius
517 3563 561 3626 od
587 3562 672 3645 Vcry.
695 3564 773 3628 Aen.
802 3563 937 3646 V546.)
1206 3579 1238 3620 rr*
