2654 3924
195 183 259 247 328
553 179 602 234 DE
619 180 669 235 RE
687 180 841 236 PUBLIOA

195 326 289 391 unius
317 349 356 392 ex
382 326 451 392 illis
479 326 583 391 xviris
610 326 833 411 intemperiem
861 326 896 391 in
922 325 994 391 foro
1023 348 1083 392 sua
1105 350 1217 393 manu

194 415 411 481 interemisset
439 437 477 480 ac
503 436 650 480 maerens
672 415 721 480 ad
744 414 932 497 exercitum,
960 415 1109 499 quitum
1133 422 1216 481 erat

194 505 228 569 in
245 503 376 589 Algido,
400 502 609 588 confugisset,
632 503 753 568 milites
772 502 896 568 bellum
913 502 1005 588 illud,
1028 504 1115 588 quod
1134 510 1215 570 crat

193 592 228 656 in
260 592 422 676 manibus,
455 591 624 676 reliquisse
657 595 690 656 et
721 592 862 677 primum
894 595 1039 657 montem
1067 615 1214 678 sacrum,

194 680 278 745 sicut
301 685 372 745 erat
392 680 428 745 in
450 679 551 744 simili
573 701 671 745 causa
694 685 790 745 antea
811 679 944 765 factum,
966 680 1081 746 deinde
1099 681 1245 747 Avens

193 770 299 834 tinum
323 774 458 834 armatos
480 769 640 834 insedisse.
655 817 662 833 .
677 818 707 834 ..

450 909 690 990 [Desideruutur
707 913 843 993 popinae
865 912 951 992 octo]

260 1035 378 1102 Dicere
405 1035 555 1099 moritum
581 1054 641 1116 pro
673 1034 874 1116 desipuouere.
910 1033 972 1100 ou.
1000 1037 1036 1100 dc
1062 1056 1108 1100 re·
1118 1038 1211 1118 pubi

193 1126 253 1190 sic:
277 1123 435 1189 dictatore
453 1121 488 1188 L.
507 1120 657 1197 Quinctio
677 1121 772 1187 dicto.
791 1121 1026 1207 (Philurpprius
1038 1126 1082 1189 ad
1095 1125 1211 1207 Verpil

195 1212 303 1295 Georgi.
328 1211 396 1277 ΙΙΙ
413 1212 500 1294 125.)

194 1330 221 1381 p.
242 1302 307 1382 193]
382 1301 599 1365 ...maiores
626 1303 758 1364 nostros
786 1303 819 1363 et
846 1299 1036 1384 probavisse
1064 1301 1209 1367 maxime
1227 1321 1256 1360 ro

196 1394 229 1456 et
252 1389 424 1455 retinuisse
447 1387 685 1473 sapientissime
707 1386 822 1452 iudico.

145 1451 186 1579 ἐξ
263 1477 344 1545 Oum
366 1500 404 1542 ea
423 1474 530 1563 Scipio
550 1476 685 1541 dixisset
703 1475 896 1560 silentioque
915 1476 1059 1542 omnium
1078 1478 1207 1562 reliqua

197 1567 265 1633 eius
287 1570 511 1652 expectaretur
534 1565 653 1649 oratio,
675 1567 747 1630 tum
768 1564 910 1630 Tubero:
938 1563 1099 1640 Quoniam
1121 1566 1207 1630 nihil

195 1678 233 1721 ex
262 1659 307 1740 te,
337 1654 503 1738 Africano,
535 1653 570 1718 hi
598 1654 738 1718 maiores
765 1656 845 1717 natu
872 1653 1054 1738 requirunt,
1087 1675 1126 1718 ex
1153 1677 1206 1720 me

195 1745 319 1828 audies,
343 1743 420 1827 quid
442 1743 478 1808 in
500 1741 647 1808 oratione
670 1745 728 1808 tua
750 1741 935 1806 desiderem.
983 1739 1075 1826 Sane,
1098 1743 1207 1827 inquit
1223 1762 1251 1803 rs

196 1831 313 1919 Scipio,
333 1836 366 1896 et
384 1832 524 1897 libenter
543 1831 680 1915 quidem.
713 1829 797 1895 Tum
814 1830 884 1894 ille:
907 1829 1105 1896 Laudavisse
1124 1831 1207 1896 mihi

196 1921 314 1987 videris
343 1924 491 1985 nostram
521 1941 589 1984 rem
619 1919 797 2005 publicam,
827 1940 899 1983 cum
927 1941 965 1983 ex
993 1923 1026 1983 te
1049 1941 1116 1984 non
1139 1917 1204 2006 del

195 2038 223 2090 p.
238 2012 303 2091 194]
326 2012 449 2092 nostra,
473 2008 528 2073 sed
552 2008 591 2072 de
614 2007 761 2072 omni're
778 2006 910 2090 publica
929 2007 1108 2091 quaesisset
1127 2007 1207 2074 Lae·

195 2099 268 2163 lius.
304 2097 373 2162 Nec
395 2099 506 2163 tamen
529 2095 625 2160 didici
648 2117 686 2160 ex
710 2095 856 2160 oratione
878 2099 951 2180 tua,
977 2096 1075 2162 istam
1099 2097 1203 2181 ipsam

195 2208 263 2250 rem
292 2185 471 2270 publicam,
500 2205 599 2267 quam
626 2182 755 2266 laudas,
782 2205 846 2268 qua
874 2184 1059 2269 disciplina,
1086 2185 1203 2269 quibus
1219 2205 1249 2245 so

196 2273 341 2339 moribus
371 2275 428 2338 aut
454 2272 583 2358 legibus
612 2272 807 2352 constituere
835 2273 886 2337 vel
914 2294 1105 2339 conservare
1132 2295 1204 2358 pos-

197 2383 307 2426 sunus.

143 2433 186 2558 ἐξ
262 2448 326 2515 Hic
349 2448 535 2515 Africanus:
558 2447 643 2515 Puto
666 2449 760 2514 nobis
783 2470 859 2514 mox
881 2449 920 2514 de
942 2448 1149 2515 instituendis
1171 2456 1205 2516 et

197 2538 425 2605 conservandis
449 2537 636 2604 civitatibus
660 2537 833 2623 aptiorem,
855 2537 993 2623 Tubero,
1014 2537 1085 2603 fore
1108 2539 1203 2605 disse

196 2627 292 2693 rundi
322 2627 443 2710 locum3
472 2627 511 2691 de
539 2627 663 2712 optimo
692 2630 801 2691 autem
829 2629 919 2690 statu
946 2626 1093 2710 equidem
1122 2628 1202 2692 arbi·
1216 2646 1245 2685 κ

197 2744 223 2796 p.
245 2718 310 2797 143]
334 2716 448 2780 trabar
470 2737 522 2780 me
545 2716 627 2779 satis
650 2712 863 2801 responldisse
883 2714 983 2796 adid,
1008 2715 1093 2800 quod
1111 2737 1203 2799 quae

197 2805 297 2870 sierat
310 2803 450 2869 Laelius.
477 2802 624 2867 Primum
637 2803 724 2867 enim
737 2824 871 2868 numero
886 2803 1072 2868 definieram
1087 2825 1204 2890 genera

197 2893 366 2960 civitatum
389 2891 455 2957 tria
472 2891 665 2977 probabilia,
687 2891 869 2977 perniciosa
887 2895 996 2956 autem
1014 2892 1120 2957 tribus
1138 2892 1202 2956 illis

197 2982 334 3047 totidem
358 2980 534 3063 contraria,
563 2980 753 3064 nullumque
775 3001 814 3043 ex
837 2978 883 3043 eis
906 3001 1007 3045 unum
1031 3001 1101 3045 esse
1124 2980 1203 3065 opti-

198 3092 295 3153 mum,
319 3068 376 3133 sed
398 3068 431 3132 id
453 3073 620 3153 praestare
643 3068 792 3154 singulis,
814 3068 900 3151 quod
924 3089 941 3131 e
964 3067 1070 3132 tribus
1092 3069 1202 3153 primis
1215 3088 1243 3128 so

146 3172 179 3220 os
198 3186 226 3238 p.
247 3159 313 3238 144]
336 3160 424 3222 esset
451 3157 575 3222 modice
603 3160 828 3242 temperatum.
874 3154 966 3231 Quod
990 3160 997 3239 l
1020 3160 1129 3222 autem
1155 3179 1202 3222 ex-

199 3246 306 3331 emplo
329 3249 463 3310 nostrae
481 3244 624 3310 civitatis
647 3266 725 3309 usus
744 3265 825 3327 sum,
847 3266 914 3310 non
932 3244 973 3309 ad
992 3244 1203 3310 definiendum

198 3334 360 3417 optimum
388 3335 510 3396 statum
538 3332 642 3399 valuit
670 3329 761 3417 (nam
786 3331 819 3395 id
841 3332 911 3397 fieri
933 3333 1041 3417 potuit
1065 3333 1133 3397 sine
1156 3355 1202 3398 ex·

197 3418 335 3507 emplo),
372 3420 428 3483 sed
465 3424 502 3484 ut
539 3420 671 3484 civitate
704 3419 846 3484 maxima
877 3441 991 3505 reapse
1024 3425 1203 3486 cerneretur

199 3508 294 3590 quale
318 3510 404 3573 esset
426 3506 468 3590 id,
495 3506 580 3589 quod
603 3508 688 3572 ratio
712 3506 880 3588 oratioque
904 3507 1108 3573 describeret.
1149 3507 1242 3574 Sinss
