2654 3924
380 218 448 273 affl.
467 222 488 273 1.
514 218 588 274 OAP.
608 225 721 274 aa-as.
744 225 891 284 sas-40.
1076 218 1140 282 289

137 362 223 448 quod
245 362 297 446 sit,
320 363 500 447 conveniat,
523 363 708 447 explicetur,
732 363 809 446 quid
832 363 1012 428 declaretur
1030 385 1068 428 eo
1086 385 1142 427 no·

136 451 235 533 mine3
258 450 344 534 quod
368 451 395 516 si
418 451 612 534 convenerit,
635 454 706 516 tum
726 451 854 516 demum
872 451 998 516 decebit
1015 451 1143 538 ingredi

135 540 171 605 in
194 561 388 623 sermonem3
410 562 588 624 numquam
611 540 705 623 enim,
728 540 824 624 quale
845 540 889 605 sit
906 540 996 620 illud,
1020 541 1141 624 dequo

137 628 365 713 disputabitur,
387 629 536 714 intellegi
559 629 689 713 poterit,
712 628 784 713 nisi,
808 629 886 714 quid
905 629 957 712 sit,
979 628 1079 693 fuerit
1097 629 1143 692 in·

110 718 305 782 stelleotum
327 717 426 802 prius.
463 715 577 800 Quare,
601 717 753 802 quoniam
777 718 815 782 de
837 739 872 782 re
895 718 1027 801 publica
1050 739 1143 801 quae-

136 805 248 888 rimus,
270 804 333 870 boo
355 805 497 891 primum
515 806 689 889 videamus,
713 806 788 889 quid
808 807 852 871 sit
869 806 903 870 id
920 807 1037 891 ipsum,
1058 805 1143 890 quod

138 894 330 978 quaerimus.
355 895 360 979 Ι
384 892 467 959 Cum
494 895 740 979 adprobavisset
767 895 911 979 Laelius,
938 893 1007 960 Nec
1031 896 1143 975 [p.196

136 1004 223 1066 vero,
245 982 352 1067 inquit
365 981 548 1066 Africanus,
570 983 618 1047 ita
640 983 796 1047 disseram
815 982 853 1047 de
872 1004 907 1048 re
926 987 994 1048 tam
1012 983 1144 1047 inlustri

138 1076 269 1155 tamque
292 1076 380 1154 nota,
403 1075 440 1139 ut
463 1071 503 1137 ad
522 1071 580 1136 illa
599 1073 759 1136 elementa
777 1072 936 1156 revolvar,
960 1071 1076 1155 quibus
1095 1072 1144 1136 uti

100 1179 124 1219 ιο
139 1159 226 1226 docti
254 1159 402 1224 homines
431 1160 484 1225 his
512 1160 548 1224 in
574 1160 670 1224 rebus
694 1161 812 1243 solent,
842 1164 880 1224 ut
903 1182 922 1224 a
944 1160 1050 1245 prima
1072 1182 1144 1227 oon-

139 1249 305 1335 gressione
328 1249 428 1318 maris
451 1252 484 1314 et
506 1247 660 1332 feminae,
683 1246 796 1312 deinde
820 1271 839 1313 a
861 1249 1016 1334 progenie
1039 1252 1073 1313 et
1095 1271 1145 1314 co-

139 1337 293 1424 gnatione
325 1337 433 1402 ordiar
465 1337 650 1420 verbisque,
683 1336 760 1420 quid
792 1336 836 1401 sit
868 1340 901 1401 et
933 1341 1013 1420 quot
1040 1337 1144 1403 modis

139 1427 278 1510 quidque
293 1425 427 1509 dicatur,
446 1425 596 1490 definiam
611 1424 754 1509 saepius3
772 1425 857 1509 apud
870 1425 1045 1509 prudentes
1059 1426 1146 1490 enim

139 1515 286 1580 homines
310 1514 400 1578 etin
423 1514 564 1578 maxima
587 1535 621 1577 re
644 1513 774 1597 publica
797 1513 932 1595 sumlma
954 1535 1027 1578 oum
1051 1515 1092 1594 [p.
1111 1531 1141 1579 61

101 1620 125 1661 ιο
141 1603 247 1689 gloria
273 1602 353 1667 belli
380 1602 530 1686 domique
553 1606 699 1667 versatos
723 1623 795 1666 oum
819 1602 948 1686 loquar,
974 1624 1040 1666 non
1062 1623 1146 1667 com·

140 1692 278 1774 mittam,
297 1694 334 1756 ut
352 1711 415 1755 noa
432 1691 476 1755 sit
490 1690 658 1755 inlustrior
672 1691 731 1754 illa
744 1691 816 1775 ipsa
830 1711 891 1774 res,
909 1689 948 1755 de
962 1711 1027 1774 qua
1040 1690 1147 1775 dispu-

139 1783 216 1863 tem,
240 1800 336 1862 quam
360 1779 464 1844 oratio
484 1800 569 1862 mea3
591 1801 650 1844 neo
668 1779 753 1844 enim
772 1779 834 1843 hoo
852 1779 987 1863 suscepi,
1010 1782 1048 1843 ut
1065 1783 1147 1843 tam·

141 1889 238 1952 quam
256 1867 413 1951 magister
431 1889 640 1952 persequerer
658 1867 776 1951 omnia,
793 1889 897 1951 neque
916 1867 978 1932 hoo
990 1867 1148 1952 polliceor

140 1977 192 2021 me
219 1956 420 2039 effecturum,
447 1960 485 2020 ut
510 1977 551 2021 ne
579 1976 642 2040 qua
672 1955 833 2040 particula
859 1956 893 2020 in
915 1956 977 2021 hoc
1000 1977 1147 2021 sermone

101 2063 128 2102 20
140 2044 370 2130 praetermissa
393 2045 445 2108 sit.
481 2043 564 2108 Tum
581 2044 724 2109 Laelius:
747 2043 820 2130 Ego
839 2066 915 2110 vero
934 2044 1022 2109 istud
1040 2044 1147 2130 ipsum

141 2154 243 2220 genus
266 2132 433 2216 orationis,
456 2132 541 2217 quod
564 2133 737 2216 polliceris
760 2136 902 2218 expecto.

207 2221 268 2286 Est
286 2220 396 2308 igitur,
419 2221 525 2305 inquit
539 2221 721 2304 Africanus,
740 2243 790 2286 res
810 2222 941 2306 publica
961 2223 965 2304 Ι
985 2243 1036 2287 res
1057 2224 1097 2302 [p.
1113 2239 1146 2288 oa
1158 2194 1200 2321 9¹32}

140 2310 261 2396 populi,
275 2311 414 2395 populus
430 2314 540 2375 autem
555 2331 622 2374 non
638 2310 742 2374 omnis
758 2309 926 2374 hominum
945 2315 1055 2376 coetus
1072 2332 1148 2395 quo·

142 2421 204 2483 quo
228 2398 325 2463 modo
348 2401 578 2485 congregatus,
605 2398 661 2462 sed
684 2401 795 2463 coetus
822 2399 1040 2464 multitudinis
1067 2399 1146 2464 iuris

102 2505 128 2547 2⁵
142 2508 299 2553 consensu
314 2490 347 2551 et
360 2487 513 2552 utilitatis
528 2486 752 2553 communione
767 2487 917 2552 sociatus.
944 2486 1023 2551 Eius
1039 2491 1148 2553 autem

142 2575 248 2660 prima
275 2596 372 2640 causa
400 2575 535 2640 coeundi
561 2579 611 2639 est
637 2597 704 2641 non
731 2579 800 2639 tam
826 2575 1023 2640 inbecillitas
1051 2597 1148 2659 quam
1260 2591 1263 2597 '

142 2663 301 2728 naturalis
330 2663 488 2747 quaedam
514 2662 683 2728 hominum
711 2663 804 2747 quasi
832 2663 1057 2750 congregatim
1083 2687 1148 2729 non

148 2754 194 2816 est
216 2751 302 2815 enim
325 2751 490 2836 singulare
512 2772 571 2816 neo
594 2752 777 2836 solivagum
800 2773 902 2838 genus
924 2751 999 2836 hoo,
1023 2751 1149 2818 sedita

144 2842 342 2926 generatum,
355 2842 393 2903 ut
405 2862 446 2904 ne
460 2840 494 2904 in
509 2839 652 2904 omnium
667 2840 796 2923 quidem
810 2862 917 2905 rerum
931 2840 1149 2906 affluentia...

387 2979 624 3061 [Desiderantur
641 2984 777 3064 popinae
799 2983 899 3064 datae]

102 3129 128 3172 ao
210 3105 308 3188 [Quid
329 3110 372 3171 est
393 3126 441 3170 res
457 3105 583 3187 publico
605 3107 667 3171 nisi
688 3126 737 3172 res
753 3106 886 3189 populi?
908 3127 957 3172 res
979 3128 1048 3190 erqo
1069 3128 1146 3174 oom-
1165 3122 1201 3172 40

143 3197 246 3261 marnis
272 3216 321 3261 res
351 3196 455 3275 otique
482 3195 621 3259 civitatis.
665 3194 747 3274 Quid
767 3201 811 3260 est
831 3200 933 3260 uuam
956 3198 1063 3262 ciuitas
1084 3199 1148 3262 nist

143 3285 304 3349 multitudo
329 3283 489 3347 bominum
515 3284 550 3348 ia
575 3283 728 3365 quoddam
755 3284 911 3348 vinculum
933 3286 1058 3350 redacto
1079 3305 1148 3352 oola

143 3371 284 3437 cordiae?
315 3373 412 3453 Apud
432 3391 481 3436 eos
499 3370 651 3453 (auctores
668 3371 840 3456 Romanos)
858 3374 940 3436 caim
958 3374 1004 3436 itu
1023 3374 1147 3456 tupiter:

142 3459 241 3524 Brevi
263 3459 437 3525 multitudo
461 3458 607 3544 dispersa
625 3463 722 3544 atque
741 3481 826 3546 vaga
844 3460 1014 3526 concordia
1033 3461 1147 3526 civitas

104 3567 130 3608 aa
142 3548 230 3613 facta
253 3552 331 3613 erat.
362 3549 572 3633 (Aliquotiens
588 3569 633 3631 ep.
651 3554 721 3615 138.
739 3555 780 3614 10
813 3550 849 3615 Τ.
866 3548 955 3633 Hp.
972 3553 1035 3614 414
1053 3549 1149 3631 Bra.)

195 3661 249 3705 oro.
263 3663 304 3705 rv.
319 3664 337 3704 a.
901 3658 933 3708 19
