2654 3912
173 233 240 296 366
535 230 584 285 DE
603 230 651 284 RE
669 229 826 286 PUBLICA

173 372 204 426 in
225 371 338 442 dialogo
357 371 438 426 bonis
456 371 525 426 viris
544 373 574 427 et
590 371 662 426 bene
681 371 716 426 de
734 387 764 425 re
782 369 898 442 publice
914 369 1023 425 meritis
1041 373 1108 441 post
1127 370 1195 425 obi·

172 445 234 497 tum
252 444 367 497 aeterna
383 442 510 514 praemio
528 443 558 498 et
576 443 710 497 caelestia,
728 458 789 497 esse
803 440 984 512 rependendo
997 441 1194 498 adseveraret.

174 513 254 579 Quod
273 531 337 568 oum
353 513 396 568 ita
414 512 459 581 sit,
478 514 651 568 immortales
670 529 731 568 esse
751 512 859 567 animos
872 528 988 568 neeesse
1003 515 1060 580 est;
1079 512 1116 567 de
1130 529 1196 581 quo

173 585 324 709 Eraeoepto
348 601 412 638 oum
435 584 499 638 eliis
522 584 593 639 loeis
616 583 760 655 praeclare
784 582 918 639 disseruit
940 581 1049 650 Cicero,
1072 583 1196 637 tamin

194 672 228 710 oo
245 655 318 710 libro
336 671 393 709 non
410 654 601 726 perfunctorie
618 653 745 710 oratione
760 653 948 726 disputavisse
964 654 1119 709 censendus
1134 656 1194 708 eet.

174 726 245 780 Tum
264 725 330 795 quio
342 725 425 782 Plato
442 725 473 780 in
486 725 607 782 Politiee
625 742 691 781 suae
706 727 830 781 extrema
843 727 924 808 perte
939 724 1029 780 virum
1046 725 1195 794 quendem

174 797 211 851 ed
229 796 318 851 vitam
336 799 499 852 revocatum
517 796 598 850 finxit
616 812 734 865 eumque
772 813 879 851 reemie
895 795 1032 852 bonorum
1051 797 1081 851 et
1097 796 1194 851 melo-

173 885 236 922 rum
254 885 305 938 sup
327 867 403 935 lioia,
421 884 493 936 quoe
511 866 629 936 viderat,
647 884 749 921 narren
779 886 809 922 m
824 866 943 936 induxit,
963 864 1060 922 Cicero
1074 883 1194 936 quoque

174 938 291 994 defense
334 936 438 993 letanie
466 937 626 993 narratione
655 940 753 993 contra
775 938 913 994 derisores
937 937 1073 1007 quosdam
1099 936 1194 992 aliam

174 1008 275 1063 similis
298 1007 411 1063 artificii
434 1008 559 1063 febulem
581 1008 726 1080 componit
748 1008 871 1064 hominis
893 1024 950 1064 non
972 1007 1050 1062 illius
1073 1008 1194 1077 quidem

174 1078 379 1146 reviviscentis,
393 1078 444 1134 sed
457 1079 597 1134 narrantis
607 1079 754 1147 somnium,
769 1096 825 1149 quo
835 1079 1041 1134 demonstraret
1049 1078 1196 1151 ampliore.
1306 1112 1307 1115 =

173 1149 310 1206 virtutum
333 1166 446 1206 manere
471 1150 610 1222 praemia,
635 1166 719 1220 quom
737 1150 813 1205 orbis
831 1150 907 1205 vitoe
926 1150 1063 1205 humanos
1082 1149 1194 1205 habere

175 1221 287 1345 solerlet
323 1221 416 1349 Attene
440 1220 482 1276 ite
504 1222 575 1277 heeo
599 1220 634 1277 de
656 1238 687 1277 re
705 1220 820 1292 publiea.
838 1220 993 1293 disputatio
1011 1220 1195 1276 nobilissima
1308 1270 1309 1291 ¹

176 1308 246 1347 oona
260 1308 311 1346 use
329 1308 359 1347 es

140 1507 157 1571 1
243 1525 293 1591 M.
317 1525 440 1591 aaziae
467 1528 504 1591 a
528 1547 563 1592 re
583 1527 670 1608 aaa
697 1526 747 1592 aa.
775 1526 840 1592 va·
869 1525 988 1593 votam
1010 1527 1112 1612 igitur
1136 1549 1192 1591 ex-

143 1585 289 1700 lpeotes
312 1614 518 1699 prudentiam
540 1615 636 1680 huius
660 1615 810 1698 rectoris,
834 1636 915 1699 quae
938 1615 1046 1700 ipsum
1067 1638 1192 1681 nomen

177 1703 239 1768 hoo
261 1707 359 1768 neoto
381 1705 431 1767 est
454 1725 493 1768 ex
515 1704 722 1789 providendo.
758 1703 899 1786 (Nonius
915 1725 949 1786 p.
972 1709 1026 1770 42.
1046 1703 1094 1786 3.)

243 1790 287 1856 Ia
315 1791 435 1857 Potitia
465 1812 525 1857 saa
553 1794 628 1858 da'a't
650 1793 773 1858 Tattius
801 1793 848 1858 rei
872 1793 1014 1875 publicae
1043 1799 1190 1857 reatorem

177 1899 333 1946 sesamam
361 1881 464 1945 airam
493 1886 522 1946 et
547 1882 757 1947 doctissimam
783 1900 845 1947 esee
867 1881 982 1960 debere,
1011 1882 1057 1947 ita
1078 1886 1115 1946 at
1135 1902 1218 1947 sa-s

172 1969 264 2051 piens
284 1970 327 2034 eit
347 1973 376 2033 et
396 1970 497 2034 iaetus
518 1975 548 2034 et
568 1975 739 2052 temperans
759 1975 788 2035 et
804 1969 951 2051 etoqeaae,
974 1974 1011 2034 at
1020 1972 1123 2052 possit
1137 1970 1189 2051 fa·

177 2057 233 2121 cite
251 2061 389 2122 currente
405 2059 574 2140 eloquentia
590 2060 692 2123 aaimi
711 2063 825 2124 secreta
842 2060 885 2123 aa
900 2059 1063 2142 reaeadam
1070 2059 1190 2140 plebem

179 2147 354 2228 exprimere.
391 2145 477 2212 Seire
498 2148 591 2210 etiam
613 2147 696 2212 debet
716 2148 774 2224 iae,
799 2145 935 2213 Graecas
956 2167 1043 2212 nosse
1060 2148 1188 2225 litteras,

177 2234 259 2315 qaod
284 2231 411 2299 Catones
440 2234 523 2315 faeta
549 2236 715 2316 probator,
746 2236 800 2317 qai
830 2236 867 2300 ia
894 2256 1016 2301 samma
1043 2240 1189 2301 senectute

179 2320 307 2386 Graes
330 2322 440 2388 litterae
457 2342 581 2404 operam
598 2325 678 2389 daas
695 2325 852 2402 indicavit,
873 2329 1025 2406 quantam
1042 2324 1188 2389 utilitatis
1203 2345 1229 2385 1o

177 2408 329 2581 taatereaj.
351 2407 612 2493 (Commentarius
629 2432 684 2478 me.
702 2414 739 2477 ia
752 2411 813 2478 aa.
831 2414 867 2478 de
880 2416 991 2477 tavent.
1005 2433 1055 2495 ap.
1071 2411 1187 2478 Osaaa.

247 2587 296 2651 Μ
321 2586 444 2654 Tattius
469 2589 507 2654 de
532 2609 566 2654 re
585 2589 671 2671 aaz.
695 2589 745 2655 aa.
775 2588 838 2654 VI:
868 2587 973 2665 Quem
995 2590 1038 2655 ob
1061 2612 1130 2655 rem
1153 2611 1188 2654 se

181 2679 348 2760 comperet
369 2675 423 2742 hio
446 2675 525 2741 civis
547 2677 596 2742 ite
617 2699 748 2743 necesse
767 2680 826 2760 est,
849 2679 948 2743 utsii
967 2677 1188 2762 oontreheeo,

182 2785 264 2848 quae
300 2766 425 2829 statum
458 2765 602 2830 civitatis
633 2770 837 2852 permovent,
874 2787 1002 2852 semper
1033 2769 1228 2832 ematosa

180 2852 321 2936 (Nomas
339 2873 372 2935 p.
395 2856 468 2919 255.
490 2856 559 2938 23.)

247 2939 415 3007 Seditioaie
434 2945 607 3025 proprietas
627 2963 650 3007 a
670 2943 719 3008 Μ.
744 2944 847 3010 aazia
869 2944 1068 3025 manifestata
1089 2948 1134 3010 est
1153 2947 1189 3008 a'a

181 3028 231 3094 aa.
258 3030 295 3094 de
320 3050 354 3094 re
374 3031 502 3112 ptattiaa
529 3030 593 3096 VI:
622 3030 736 3116 anue
759 3032 917 3097 dissensio
940 3032 1073 3116 civium,
1104 3031 1189 3116 quod

181 3138 329 3183 seorsum
356 3122 435 3182 eunt
462 3119 519 3183 elii
546 3118 587 3183 ed
616 3119 712 3204 alios,
740 3120 855 3186 seditio
880 3120 1006 3186 dieitur.
1050 3121 1189 3205 (Nonius

175 3226 210 3289 p.
232 3208 285 3272 25.
307 3212 329 3271 3
351 3211 380 3271 et
399 3206 524 3273 Servius
546 3209 589 3273 aot
616 3208 701 3291 Vera.
723 3209 802 3273 Aea.
824 3209 850 3274 I
867 3209 956 3293 149.)
1203 3227 1230 3268 eo

247 3294 297 3358 Μ
322 3293 445 3360 Tattius
466 3296 502 3360 de
524 3316 557 3360 re
574 3297 659 3378 petit.
683 3296 733 3363 ao.
758 3297 822 3363 1⁷1.-
845 3296 890 3363 Es
912 3319 989 3364 vero
1012 3297 1046 3362 in
1069 3296 1189 3364 ‹iissen-

182 3380 274 3445 sione
297 3381 394 3463 civili,
417 3404 490 3447 oum
512 3383 591 3448 boni
608 3384 683 3469 plus
703 3407 801 3469 quem
819 3386 915 3451 multi
932 3386 1053 3471 velent,
1076 3407 1190 3472 expen-

183 3467 304 3535 dendos
328 3469 416 3551 civis,
439 3491 505 3534 non
526 3473 743 3537 numerandos
761 3478 850 3558 puto.
878 3474 1192 3557 (1505551214.)

250 3554 299 3622 Μ.
324 3557 447 3622 Tattius
471 3559 508 3623 de
533 3579 567 3624 re
587 3562 673 3643 pati.
702 3561 751 3626 aa.
780 3562 845 3627 VI:
878 3561 1001 3660 Graves
1029 3561 1115 3628 enim
1138 3562 1191 3628 do·
