2654 3912
136 170 203 235 426
530 168 580 222 DE
599 168 753 223 LEGIBUS

84 329 118 378 54
137 316 268 381 doctum
303 314 471 380 hominem
502 335 595 398 sane,
630 313 722 380 ouius
752 313 816 378 fuit
847 311 966 379 Accius
997 311 1153 398 perfami-

137 403 242 488 liaris,
266 402 322 468 sed
345 425 498 486 mensem,
521 402 627 486 credo,
649 406 830 468 extremum
853 402 940 486 anni,
962 405 1000 467 ut
1021 406 1151 466 veteres

136 491 359 576 Februarium,
376 492 423 557 sic
440 491 493 557 hic
507 491 720 557 Decembrem
734 491 940 576 sequebatur.
961 489 1082 555 Hostia
1095 512 1152 555 au-

83 643 103 707 2
105 642 126 707 2
136 585 204 647 tem
222 581 364 646 maxima
381 584 554 682 parentare
573 580 706 664 pietatis
717 600 789 645 esse
801 579 989 645 adiunctum
1000 579 1150 663 putebat.

83 721 117 770 ⁶⁵
136 762 170 823 e
192 668 529 845 llnlfltlltt
544 668 1182 844 llgzltltttlfflpzllltt⁶

135 850 266 912 nostros
285 844 324 911 A.
344 845 529 931 Torquatus
551 845 586 910 in
606 849 703 932 gente
720 845 864 930 Popillia
881 845 1046 911 iudicavit.
1078 843 1149 910 Nec

136 957 212 1001 vero
235 939 306 1000 tam
329 935 500 1019 denicales,
524 955 606 1019 quac
625 956 646 999 a
663 956 740 1000 nece
759 933 944 1020 appellatae
963 936 1048 1018 sunt,
1072 933 1150 1018 quia

136 1024 319 1089 residentur
341 1024 490 1107 mortuiS,
513 1045 611 1108 quam
633 1026 816 1089 ceterorum
838 1022 1028 1089 caelestium
1046 1021 1150 1107 quieti

136 1112 204 1177 dies
222 1111 346 1177 feriae
365 1112 621 1195 nominarentur,
638 1111 703 1176 nisi
721 1111 861 1176 maiores
880 1133 946 1195 eos,
964 1111 1020 1196 qui
1034 1133 1073 1177 ex
1086 1110 1149 1176 hac
1166 1132 1194 1171 ro
1306 1138 1307 1153 π

135 1201 205 1265 vita
219 1200 425 1286 migrassent,
438 1200 473 1265 in
488 1200 621 1266 deorum
633 1222 770 1266 numero
785 1221 855 1265 esse
869 1200 1059 1266 voluissent.
1081 1199 1148 1264 Idas

134 1290 170 1353 in
193 1310 247 1354 cos
271 1289 339 1353 dies
362 1289 508 1354 conferre
531 1288 591 1372 ius,
614 1291 651 1354 ut
672 1310 732 1354 nec
753 1288 856 1374 ipsius
874 1311 979 1375 neque
997 1287 1148 1374 publicae

134 1377 235 1443 feriae
258 1377 338 1463 sint3
366 1380 500 1462 totaque
523 1376 618 1442 huius
641 1377 721 1442 iuris
745 1377 927 1463 conpositio
951 1377 1148 1463 pontificalis

135 1487 290 1553 magnam
312 1466 505 1552 religionem
528 1465 822 1551 caerimoniamque
845 1466 998 1532 declarat
1033 1464 1149 1550 Neque

134 1576 265 1621 necesse
289 1559 340 1620 est
363 1556 497 1620 edisseri
520 1555 666 1637 anobis,
690 1577 772 1639 quae
794 1555 870 1620 finis
887 1555 1036 1621 funestae
1054 1554 1148 1620 fami-
1165 1575 1193 1615 1⁵

135 1645 212 1728 liae,
238 1644 324 1729 quod
348 1665 449 1731 genus
472 1643 623 1709 sacrificii
644 1643 722 1708 Lari
744 1643 933 1709 vervecibus
955 1644 1028 1728 fiat,
1051 1665 1148 1729 quem

134 1733 177 1799 ad
204 1733 336 1798 modum
364 1755 400 1799 os
428 1735 589 1798 resectum
614 1735 704 1797 terra
727 1732 916 1819 obtegatur,
944 1754 1091 1817 quaeque
1113 1732 1149 1797 in

135 1844 235 1907 porca
265 1824 433 1888 contracta
461 1822 534 1886 iura
561 1820 640 1904 sint,
672 1842 735 1905 quo
763 1824 911 1906 tempore
937 1820 1074 1906 incipiat
1101 1842 1149 1885 se

134 1910 307 1996 pulchrum
330 1932 401 1975 esse
425 1913 458 1975 ct
480 1909 638 1995 religione
660 1913 819 1974 teneatur.
1302 1960 1308 1977 .

82 2010 116 2061 56
203 2000 250 2063 At
277 1998 358 2064 mihi
386 1999 515 2083 quidem
542 1998 806 2083 antiquissimum
834 1998 1022 2083 sepulturae
1045 2019 1149 2084 genus
1163 2017 1193 2057 ao
1300 1992 1307 2003 ’

134 2087 216 2152 illud
234 2087 335 2152 fuisse
355 2087 491 2170 videtur,
510 2109 574 2171 quo
596 2086 682 2172 apud
697 2086 948 2172 Xenophontem
964 2085 1069 2170 Cyrus
1087 2086 1148 2152 uti·

134 2180 203 2259 tur3
224 2174 371 2240 redditur
393 2175 479 2239 enim
502 2179 607 2240 terrae
630 2197 748 2260 corpus
772 2179 804 2239 et
822 2175 872 2240 ita
889 2176 1033 2240 locatum
1052 2197 1089 2241 ac
1107 2175 1149 2240 si-

134 2269 206 2329 tum
221 2263 314 2347 quasi
329 2263 529 2347 operimento
544 2263 659 2327 matris
675 2263 854 2328 obducitur.
880 2263 1068 2349 Eodemque
1081 2263 1149 2329 ritu

134 2352 170 2418 in
186 2372 224 2417 eo
235 2350 417 2436 sepulchro,
432 2352 518 2436 quod
527 2352 613 2418 hored
619 2352 734 2436 procul
744 2350 886 2418 aFontis
896 2375 954 2418 ara
963 2356 1022 2437 est,
1035 2373 1148 2440 regem

133 2444 283 2507 nostrum
292 2438 436 2505 Numam
450 2440 615 2506 conditum
630 2440 812 2526 accepimus
827 2445 1021 2527 gentemque
1031 2440 1149 2507 Corne
1162 2460 1191 2501 ss
1306 2452 1310 2525 J

133 2530 213 2595 liam
231 2551 333 2615 usque
348 2528 594 2594 admemoriam
608 2533 756 2595 nostram
769 2529 1148 2613 hacsepulturascimus
1307 2528 1310 2541 '

134 2640 205 2685 esse
223 2641 325 2684 usam.
362 2617 396 2684 Ο.
414 2618 511 2684 Marii
529 2617 611 2684 sites
629 2619 786 2703 reliquias
804 2618 891 2703 apud
906 2618 1067 2683 Anienem
1085 2618 1148 2683 dis·

135 2707 236 2794 sipari
252 2707 351 2773 iussit
365 2704 456 2773 Sulla
473 2708 580 2773 victor
597 2707 762 2772 acerbiore
777 2707 851 2772 odio
865 2707 1029 2792 incitatus,
1049 2729 1148 2791 quam

81 2799 162 2862 elsi
194 2802 260 2861 tum
291 2795 421 2881 sapiens
447 2796 578 2880 fuisset,
610 2818 709 2881 quam
735 2795 799 2860 fuit
825 2795 1008 2861 vehemens.
1054 2794 1149 2871 Quod

134 2883 221 2949 haud
249 2884 315 2950 scio
345 2907 387 2949 sn
414 2885 532 2949 timens
559 2906 598 2950 ne
625 2906 683 2949 suo
712 2883 842 2969 corpori
868 2889 981 2970 posset
1003 2885 1148 2950 accidere
1162 2903 1191 2944 ao

134 2973 259 3058 primus
284 2995 301 3038 e
323 2973 470 3058 patriciis
495 2971 654 3039 Corneliis
677 2973 747 3059 igni
769 2973 876 3039 voluit
898 2973 1044 3039 cremari.
1085 2973 1148 3038 De·

134 3061 238 3127 clarat
266 3061 352 3126 enim
379 3061 504 3127 Ennius
531 3061 570 3126 de
598 3062 767 3128 Africano:
798 3061 885 3127 ‘Hie
912 3066 971 3129 est
997 3061 1068 3127 ille
1096 3061 1148 3127 si·

133 3147 222 3214 tus'.
267 3148 365 3234 Vere3
397 3172 474 3216 nam
502 3149 572 3215 siti
599 3149 749 3216 dicuntur
771 3150 808 3234 ii,
839 3150 895 3235 qui
917 3150 1040 3216 conditi
1062 3154 1148 3216 sunt.

134 3236 203 3303 Nec
230 3241 342 3303 tamen
369 3260 481 3304 eorum
508 3241 585 3303 ante
608 3238 816 3324 sepulchrum
844 3243 907 3322 est,
938 3260 1036 3324 quam
1058 3238 1148 3304 iusta

134 3326 223 3391 facta
249 3330 282 3390 et
304 3347 421 3411 porcus
445 3347 557 3392 caesus
581 3330 640 3391 est.
685 3327 731 3392 Et
754 3328 839 3412 quod
863 3348 948 3393 nunc
970 3326 1147 3393 communi·
1160 3345 1190 3386 sc

134 3417 186 3478 ter
209 3415 244 3479 in
263 3415 413 3480 omnibus
433 3413 569 3498 sepultis
587 3414 678 3479 venit
696 3435 766 3497 usu,
785 3420 823 3479 nt
838 3415 965 3479 humati
989 3414 1146 3499 dicantur,

134 3501 169 3567 id
191 3505 263 3567 erat
284 3505 453 3587 proprium
476 3506 547 3567 tum
568 3502 604 3566 in
626 3502 676 3585 iis,
699 3523 781 3586 quos
799 3502 918 3566 humus
935 3503 1055 3569 iniecta
1072 3525 1148 3569 con·
1260 3515 1262 3520 '

170 3840 1318 3908 ——-—-—————-—-...—-—E
