2652 3908
185 257 249 321 144
531 255 580 309 nu
599 255 841 312 arviaarioun

181 398 254 454 falsa
272 398 337 465 sint,
356 398 493 466 quaedam
505 413 563 452 non
576 396 625 464 ita,
643 395 687 451 uti
699 397 845 467 praedicta
858 397 923 468 sint,
942 397 1081 453 eveniant.
1118 397 1190 452 Mul-

181 472 226 525 tas
249 468 326 523 enim
347 468 554 540 praedictiones
577 469 709 524 eventum
726 467 871 537 habuisse,
895 468 970 536 quod
986 485 1089 538 negare
1107 485 1189 523 nemo

181 540 280 612 possit,
294 539 351 594 nisi
364 556 476 595 omnem
488 537 636 592 annalibus
650 538 735 593 fidem
749 539 1080 611 detrahat(cap.14-1‘1
1094 537 1189 607 §24-

182 614 235 680 33).
273 612 371 680 Itaque
390 628 420 665 se
437 609 474 664 iis
492 608 640 676 adsentiri,
666 608 714 677 qui
731 608 787 664 duo
806 609 989 665 divinationis
1007 626 1111 680 genera
1128 627 1189 666 esse

182 681 318 749 dixerint,
337 681 405 736 artis
423 698 509 735 unum
526 679 678 750 particeps,
696 697 794 750 expers
813 680 940 735 alterum.
978 679 1077 735 Carere
1095 682 1190 737 autem

181 755 323 835 arteeos,
347 751 395 820 qui
411 768 469 832 non
486 751 595 832 ratione
613 752 663 804 aut
681 752 842 835 coniectura
859 751 1014 833 observatis
1032 768 1071 834 ac·
1082 752 1189 807 notatis

181 822 554 964 teristratus?
573 821 1189 974 steteruntmaesti

181 982 232 1020 nes
250 981 302 1035 per
319 965 433 1020 oracula
450 965 521 1032 (cap.
542 968 584 1028 18,
604 968 636 1018 19
655 969 671 1028 5
689 969 813 1030 86-41),
831 981 883 1033 per
901 980 1009 1019 somnia
1027 967 1099 1035 (cap.
1118 971 1189 1020 20-

182 1043 217 1092 30
234 1042 250 1101 ξ
269 1038 383 1103 42-65)
401 1033 525 1102 itemque
542 1031 759 1089 vaticinationes
776 1033 929 1088 direntium
946 1039 1017 1105 (cap.
1037 1042 1070 1090 31
1090 1041 1188 1102 §65-

182 1111 236 1172 6‘1).
273 1106 419 1160 Extremae
442 1104 508 1158 huic
531 1102 718 1173 disputationi
739 1104 890 1175 Chrysippi
912 1106 1118 1175 argumentatio
1142 1106 1190 1160 ad-

180 1176 267 1231 icitur
296 1177 367 1231 haec
394 1174 541 1231 divinandi
565 1190 671 1244 genera
695 1192 764 1232 vera
789 1193 850 1232 essa
878 1175 1028 1230 statuentis
1056 1179 1127 1248 (cap.
1155 1183 1189 1233 82

182 1250 360 1374 §egDeinde
383 1314 591 1400 perlustrantur
617 1315 800 1372 divinationis
826 1315 983 1372 artificialis
1010 1333 1126 1388 genera,
1153 1318 1190 1373 ad

181 1406 253 1458 qnae
274 1390 452 1458 haruspices,
476 1404 608 1459 augures,
635 1388 807 1443 coniectores
826 1387 995 1459 pertineant.
1031 1387 1190 1444 Eorundem

181 1460 239 1514 alia
263 1476 324 1514 esse
348 1459 379 1513 in
404 1457 555 1529 disciplina
578 1462 608 1515 et
629 1459 818 1515 monumentis
841 1459 948 1529 posita,
974 1458 1032 1514 alia
1048 1459 1079 1514 in
1097 1459 1191 1514 subita

183 1530 344 1586 coniectura
361 1533 406 1597 (ca
426 1536 553 1586 .33-3‘1
571 1533 724 1599 §vs-80).
752 1528 823 1583 Tum
840 1528 965 1600 exponit,
984 1529 1084 1598 quibus
1101 1530 1190 1586 Stoici

181 1601 337 1658 rationibus
351 1617 405 1656 con
483 1601 577 1655 verint
590 1618 651 1656 csse
665 1599 868 1654 divinationem
882 1604 957 1670 (cap.
968 1606 1003 1656 38
1018 1618 1076 1670 seq.
1090 1607 1106 1668 ξ
1118 1607 1189 1656 81-

180 1677 235 1741 8⁷).
271 1673 344 1739 Iam,
367 1670 416 1740 qui
439 1669 642 1726 divinationem
666 1687 728 1726 esse
745 1672 862 1741 negent,
886 1670 962 1740 quod
978 1671 1057 1726 nulla
1074 1671 1113 1727 sit
1130 1671 1190 1727 eius

180 1745 253 1799 ratio
277 1745 306 1797 et
324 1758 420 1811 causa,
444 1758 492 1796 eos
511 1758 614 1809 errare;
637 1758 702 1796 nam
721 1741 910 1810 quaerendum
929 1758 1003 1811 esse,
1026 1742 1099 1798 sitne
1118 1743 1190 1798 divi·

179 1814 258 1869 natio
276 1829 374 1880 necne,
391 1829 449 1867 non
467 1829 521 1882 quo
538 1813 624 1868 modo
642 1813 700 1867 fiat.
732 1811 830 1881 Neque
848 1829 915 1867 vero
934 1815 984 1867 aut
998 1812 1030 1868 in
1042 1814 1104 1869 vite
1116 1830 1189 1869 com-

179 1885 259 1941 muni
282 1885 334 1939 ant
355 1900 374 1938 a
394 1882 572 1954 phssosophis
595 1882 731 1952 dubitari,
757 1882 825 1951 quin
848 1882 887 1937 sit
909 1882 1045 1940 divinatio
1064 1887 1136 1955 (cap.
1154 1891 1189 1941 40

180 1957 339 2022 §Bi—89).
376 1953 464 2008 Recte
487 1954 574 2008 etiam
595 1954 704 2009 moveri
725 1953 835 2007 animos
856 1953 1002 2009 hominum
1019 1955 1188 2024 antiquitate

181 2025 344 2081 clarissimis
360 2023 533 2079 testimoniis
551 2026 656 2079 testata
674 2025 704 2079 et
717 2024 883 2095 consignata
896 2027 966 2105 (cap.
981 2030 1015 2080 41
1035 2031 1188 2097 §ao—92),

180 2099 211 2151 et
231 2097 262 2151 in
284 2094 394 2168 optima
415 2111 571 2164 quoquere
590 2094 704 2177 publica
721 2111 785 2150 cum
803 2096 896 2150 cetera
916 2093 1062 2151 durandi
1072 2113 1189 2220 genera,

179 2169 241 2222 tum
258 2166 385 2237 ampicia
403 2182 513 2237 semper
525 2165 648 2221 valuisse
663 2171 733 2237 (cap.
747 2171 853 2221 42-48
871 2169 1044 2235 §ss-108).
1096 2184 1190 2222 mnem

179 2254 247 2292 vero
273 2235 455 2292 divinationis
480 2236 539 2290 vim
564 2238 595 2291 et
617 2235 754 2307 originem
778 2235 953 2291 referendam
970 2251 1032 2292 esse
1050 2236 1087 2291 ad
1105 2237 1189 2292 deum

60 2362 62 2367 ,
180 2313 251 2379 (cap.
270 2312 375 2364 ce-ss
399 2313 415 2373 c
434 2312 599 2373 1oe-1sc)‚
622 2306 659 2361 ad
677 2306 767 2361 atum
785 2310 856 2377 (cap.
877 2312 911 2361 so
930 2311 945 2373 s
965 2311 1128 2379 rar-128),
1151 2308 1189 2364 cr

174 2380 309 2439 ,menum
327 2379 400 2448 (cap.
420 2383 464 2445 cr,
483 2383 516 2433 cs
536 2383 551 2444 c
571 2381 729 2448 rsa-1³2).

140 2647 159 2772 i

245 2681 351 2747 Vetus
373 2681 484 2768 opinio
505 2685 556 2746 est
574 2681 639 2746 iarn
658 2703 758 2766 usque
776 2681 818 2746 ab
836 2680 975 2747 heroicis
994 2681 1091 2748 ducta
1108 2685 1189 2747 tem·

179 2771 323 2858 poribus,
346 2792 447 2855 eaque
470 2772 504 2835 et
525 2770 640 2856 populi
658 2769 797 2835 Romani
820 2772 854 2835 et
877 2770 1022 2837 omnium
1041 2771 1188 2857 gentium

148 2860 151 2865 ’
178 2862 310 2926 firmata
333 2879 505 2943 consensu,
531 2858 655 2923 versari
678 2857 840 2943 quandam
862 2857 950 2924 iuter
971 2858 1120 2925 homines
1144 2858 1188 2922 di-

178 2948 394 3032 vinationem,
420 2969 518 3032 quam
543 2945 659 3012 Graeci
685 2944 849 3030 μαντικήν
871 2947 1053 3032 appellant,
1080 2946 1187 3012 idest

177 3035 440 3122 praesensionem
463 3037 497 3100 et
519 3035 689 3100 scientiam
707 3057 816 3100 rerum
832 3034 1026 3100 futurarum.
1061 3034 1187 3120 Magni·
1213 3048 1228 3092 ⁶
1319 3104 1320 3111 ,

178 3126 239 3190 fica
263 3123 421 3210 quaedam
444 3145 496 3188 res
520 3126 553 3188 et
575 3123 744 3208 salutaris,
767 3124 796 3188 si
819 3123 915 3188 modo
938 3127 988 3188 est
1011 3123 1088 3207 ulla,
1110 3143 1187 3206 qua·

178 3235 240 3299 que
267 3212 414 3299 proxime
441 3211 482 3277 ad
508 3211 643 3278 deorum
669 3211 736 3277 vim
763 3215 882 3277 natura
908 3210 1059 3277 mortalis
1080 3209 1187 3296 possit

178 3302 337 3368 accedere.
389 3298 506 3384 Itaque
543 3303 581 3365 ut
612 3299 679 3365 alia
709 3320 769 3365 nos
801 3300 918 3365 melius
950 3299 1056 3364 multa
1087 3321 1186 3384 quarn

177 3389 306 3473 Graeci,
335 3388 382 3454 sic
403 3387 480 3454 huic
502 3387 803 3474 praestantissimae
825 3387 874 3452 rei
894 3409 1016 3453 nomen
1036 3387 1144 3453 nostri
1167 3411 1187 3452 a

177 3477 269 3560 divis,
288 3475 413 3560 Graeci,
431 3479 469 3541 ut
482 3476 578 3541 Plato
596 3476 840 3561 interpretatur,
858 3474 1227 3541 afuroreduxerunt.1o

142 3564 316 3631 aGentem
347 3564 475 3649 quidem
504 3564 631 3629 nullam
660 3563 754 3629 video
780 3582 883 3647 neque
910 3566 980 3628 tam
1007 3562 1186 3630 humanam
