2654 3924
80 168 83 172 ‘
183 182 249 247 270
394 186 395 189 ‘
479 181 529 235 oa
548 181 641 236 suro
668 181 902 238 assensuri.

177 348 256 411 pnm
277 347 394 410 petoque
409 326 627 410 philosophum
648 347 712 391 non
733 327 886 409 enpedisse
906 347 938 394 se
959 328 994 392 in
1014 348 1054 393 ea
1075 321 1123 393 ait
1142 327 1194 408 icis

181 417 295 482 nerto:
315 414 517 500 Chrysippus
532 419 684 480 aestuans
699 414 926 501 laboransque,
945 433 1087 500 quonam
1099 423 1192 499 pacto

182 504 319 589 explicet
342 508 375 568 et
397 503 467 570 fato
492 503 601 569 omnia
623 503 707 588 fieri,
735 506 768 568 et
791 525 862 569 esse
885 504 1009 591 aliquid
1030 504 1066 569 in
1087 505 1191 590 nobis,
1294 547 1297 552 -

182 594 354 659 intricatur
376 594 439 658 hoc
461 593 566 658 modo.

248 683 279 747 2.
301 681 427 748 Servius
448 682 492 746 ad
518 681 629 764 Verpii.
651 680 730 746 Aen.
753 681 821 745 ΠΙ
838 685 903 747 376
925 682 1074 764 noluitque
1095 681 1218 768 cices]s

181 772 317 853 definitio
345 771 408 851 fati
436 771 601 835 secundnm
632 769 783 848 Tnttimn,
816 769 872 853 pm'
897 771 959 834 ait:
975 814 978 819 »
995 768 1113 835 Fatum
1141 776 1191 836 est

114 939 118 946 ¹
182 859 315 925 conexio
341 879 456 923 ¹rerum
487 878 546 944 per
574 855 802 922 aeternitatem
833 878 869 923 se
898 854 1038 924 invicem
1067 862 1191 942 tenens,

182 968 264 1032 quae
288 969 346 1013 suo
371 946 482 1013 ordino
505 950 538 1011 et
559 946 631 1031 lego
653 946 814 1032 variatur,
840 947 890 1012 ita
911 949 1036 1032 tamen,
1058 952 1097 1013 ut
1119 948 1192 1034 ipsa

182 1037 324 1102 varietas
347 1035 475 1101 habeat
490 1034 726 1101 aeternitatem.

248 1124 278 1190 3.
300 1125 466 1206 Amprrstin.
489 1124 525 1188 de
546 1125 601 1188 cic.
623 1124 673 1188 dei
696 1123 762 1190 Vs
783 1121 842 1188 lili
863 1143 980 1207 quoquae
1000 1145 1106 1190 oneres
1123 1125 1191 1190 Ηο-
1207 1148 1231 1186 u

182 1214 288 1279 mertci
313 1213 384 1277 tunic
405 1212 570 1278 amtentiae
590 1211 820 1297 saffrapantnr,
846 1231 922 1294 qnos
944 1211 1047 1279 Oicero
1069 1215 1105 1278 in
1127 1214 1191 1278 La-

184 1306 283 1368 tinum
304 1303 411 1367 vertit:
1155 1321 1157 1328 '

226 1390 340 1456 Tales
359 1391 449 1455 sunt
466 1388 660 1454 hominum
679 1391 840 1472 mentes,
858 1388 966 1473 quali
983 1394 1095 1476 pater
1109 1390 1191 1475 ipse

226 1477 404 1564 Iuppiter
425 1477 640 1543 auctiferas
663 1476 851 1541 lustravit
874 1477 1018 1543 lumine
1042 1482 1177 1543 terras.

181 1570 270 1652 (Vici.
293 1587 370 1650 seqq.
393 1572 422 1632 ct
444 1572 539 1632 totum
561 1586 625 1649 cap.
649 1572 670 1631 9
692 1567 825 1630 ciusdem
847 1566 945 1649 iibri.)
1135 1582 1137 1586 ·
1207 1588 1231 1626 rs

249 1658 279 1722 4.
307 1656 388 1738 Any.
414 1656 451 1721 de
476 1656 531 1719 cin.
558 1655 607 1720 dei
635 1654 706 1720 1⁷2
728 1652 832 1719 Cicero
858 1655 934 1720 dicit
959 1655 1191 1738 Hippocraten,

183 1746 407 1812 nobilissimam
429 1745 587 1826 medicum,
608 1744 756 1826 sumtuum
777 1743 937 1826 reliquisse
958 1745 1106 1827 quosdam
1121 1743 1191 1825 fra-

184 1841 256 1911 tres,
286 1853 364 1898 cam·
383 1832 477 1898 amnt
506 1836 663 1913 ceprotare
692 1832 857 1914 coepissent
882 1837 1041 1898 eteorum
1069 1832 1192 1898 morbus

182 1925 283 1989 codun
315 1927 445 2004 tempore
475 1921 706 2004 inpraccsccret,
737 1920 838 1984 eodem
865 1920 1027 2005 levaretur,
1055 1921 1192 2002 peminos

182 2013 380 2094 suspicatum.
413 2008 494 2090 ocos
513 2007 698 2074 Posidonius
714 2007 836 2074 Stoicus
857 2009 990 2074 muttum
1011 2009 1192 2093 asnoiopicc
1206 2029 1232 2068 20

183 2101 302 2166 deditum
336 2099 440 2164 eodan
475 2097 686 2163 constitutione
716 2101 872 2162 astrorum
907 2102 997 2164 natos
1032 2099 1193 2180 eadmnqnc

183 2192 336 2270 conceptos
362 2187 476 2252 solebat
502 2205 641 2251 amorne.
685 2185 752 2264 Itu,
779 2187 861 2267 qnod
885 2187 1018 2252 medicus
1038 2188 1193 2270 pertinere

184 2278 319 2342 metebat
345 2274 389 2341 aci
413 2274 608 2340 sincittimcm
630 2275 802 2356 mnmmimc
824 2274 1022 2354 ualetudinis,
1048 2275 1104 2340 icoc
1119 2270 1187 2358 pii·

184 2364 325 2448 insopitus
356 2364 526 2446 astrotopns
556 2363 600 2427 ad
628 2363 692 2427 rim
723 2363 1023 2446 constitutionemque
1048 2365 1190 2448 cidnum,

183 2453 475 2538 praefeceratque
499 2457 630 2533 tempore
650 2453 781 2534 concepti
801 2452 927 2534 natique
947 2457 1028 2518 scint.
1206 2470 1232 2511 rs

251 2542 290 2608 tu·
314 2541 495 2607 Macrobius
516 2539 676 2605 Saturnat.
699 2540 767 2604 ΙΙΙ
784 2545 833 2605 16.
854 2545 878 2606 3
898 2560 942 2622 sq.
969 2539 1015 2606 Et
1039 2561 1077 2606 ne
1102 2541 1193 2607 utimr

183 2634 225 2698 sit
248 2633 331 2696 testis
347 2634 449 2713 putta,
468 2630 595 2712 accipite
611 2630 764 2694 adsertore
781 2627 930 2707 Cicerone,
952 2630 988 2693 in
1005 2649 1064 2712 qno
1082 2629 1193 2695 honore

182 2721 278 2801 fucrit
299 2719 348 2784 tric
364 2719 462 2801 piscis
483 2718 569 2799 aprici
589 2714 629 2782 R
649 2716 823 2799 Scipionem
840 2717 1031 2798 Africanam
1053 2718 1143 2783 ilicem
1165 2724 1194 2784 ct

184 2810 423 2874 Numantinum.
460 2806 547 2871 Haec
568 2810 641 2871 sant
662 2805 698 2870 in
719 2806 839 2888 diatopo
862 2808 898 2871 de
917 2805 985 2887 fato
1003 2807 1093 2872 cerba
1111 2806 1192 2873 Cice·

182 2900 286 2963 renis:
314 2894 401 2960 Nam
429 2916 503 2960 oum
527 2897 613 2958 esset
637 2892 721 2979 apud
745 2915 779 2958 se
803 2894 844 2958 ad
866 2893 1061 2960 Lavernium
1083 2891 1233 2980 Scipion

183 3006 311 3070 unaque
333 2983 485 3066 Pontius,
509 2982 637 3047 adlatus
661 2986 712 3047 est
734 2981 819 3047 forte
843 2980 985 3068 Scipioni
1009 3005 1193 3069 acupenser,

184 3076 239 3159 qui
267 3072 441 3138 admodum
464 3093 538 3137 raro
563 3070 702 3157 capitur,
730 3069 786 3135 sed
809 3074 860 3135 ost
881 3071 994 3156 piscis,
1016 3076 1054 3136 ut
1075 3071 1193 3155 ferunt,

184 3161 350 3248 inprimis
369 3160 499 3225 nobilis.
531 3156 613 3225 Cum
637 3162 746 3224 autem
761 3156 868 3244 Scipio
888 3182 988 3224 unum
1007 3160 1193 3225 stulterum

184 3273 223 3315 ex
241 3251 291 3333 iis,
310 3248 365 3337 qui
384 3269 457 3313 eum
477 3246 655 3313 salutatum
669 3251 835 3332 venerant,
852 3247 1058 3329 invitavisset
1071 3249 1194 3334 plures·

185 3359 246 3422 quo
278 3337 378 3401 etiam
410 3335 607 3400 invitaturus
634 3334 812 3419 videretur,
842 3336 878 3400 in
905 3358 1015 3401 aurem
1042 3335 1193 3402 Pontius:
1207 3355 1233 3395 ³5

185 3422 357 3510 ‘Scipio’,
375 3423 495 3508 inquit,
515 3423 629 3507 ‘vide
649 3423 738 3505 quid
757 3445 865 3511 agas,
888 3442 1100 3510 acupenser
1118 3424 1195 3491 iste

184 3534 392 3596 paucorum
416 3511 612 3576 hominum
635 3510 714 3574 est'
