2630 3904
955 92 1118 159 ,rip-⁴

207 202 248 266 12
330 209 332 215 ¹
514 130 1061 285 scaurniacocunty‘*

189 326 381 447 ,ioblectatio
404 346 487 413 deo?
511 368 593 432 quae
616 346 646 411 si
668 350 764 431 esset,
785 368 853 412 non
875 368 914 413 ea
936 342 1006 415 tam
1028 345 1084 412 diu
1106 367 1230 413 carere

151 435 375 521 rsjpotuisset.
419 434 473 500 An
500 435 594 520 haec,
623 439 661 500 ut
682 434 751 501 fere
774 435 896 521 dicitis,
925 435 1230 516 hominumfficausa

178 534 225 621 ,a
247 524 306 589 deo
330 524 510 590 constituta
533 523 634 590 sunt?
675 512 1118 610 Sapientiumnel'Propter
1138 546 1229 610 pau·

176 624 259 679 lcos
282 613 385 699 igitur
407 616 502 678 tanta
524 616 575 678 est
596 611 686 678 facta
707 633 817 679 rerum
838 613 978 679 molitio.
1022 613 1077 678 An
1099 612 1228 679 stulto·
1294 680 1295 703 ,

175 701 299 785 Qum?
347 701 394 767 At
423 701 565 787 primum
592 722 690 766 causa
716 722 783 768 non
808 701 886 787 fuit,
917 723 974 768 cur
1001 701 1041 768 da
1067 701 1254 787 inprobiss
1294 778 1295 781 Ἴ

203 791 286 856 bene
304 795 497 875 mereretur3
519 789 633 855 deinde
647 789 724 874 quid
738 794 789 855 est
802 789 996 857 adsecutus?
1016 811 1090 856 curn
1104 811 1227 857 ornnes
1294 810 1295 835 ¹

204 878 300 946 stulti
327 878 394 943 sint
422 878 491 961 sine
515 878 613 944 dubio
637 878 825 964 miserrimi,
848 878 988 944 maxime
1011 877 1098 964 quod
1121 879 1228 944 stulti

204 972 296 1051 sunt3
328 967 478 1033 miserius
505 966 593 1033 euim
620 966 764 1032 stultitia
791 966 870 1051 quid
890 987 1064 1053 possumus
1088 966 1226 1033 dicere?

204 1055 318 1121 deinde
341 1055 428 1142 quod
448 1055 498 1121 ita
519 1055 629 1122 multa
651 1059 728 1120 sunt
745 1055 951 1122 incommoda
967 1055 1003 1121 in
1020 1054 1099 1140 rita,
1121 1059 1163 1121 ut
1182 1077 1225 1121 ea

203 1145 369 1230 sapientes
398 1143 642 1211 commodorum
671 1144 923 1229 conpensatione
951 1143 1088 1227 leniant,
1120 1144 1223 1210 stulti
1236 1160 1262 1203 ιι

155 1237 195 1303 10
203 1254 263 1300 nec
285 1233 390 1298 vitare
412 1232 578 1299 venientia
599 1232 728 1318 possint
744 1253 804 1299 nec
820 1231 906 1298 ferre
923 1230 1118 1317 praesentia
1155 1231 1223 1308 Qui
1295 1278 1296 1287 η

203 1342 281 1388 vero
314 1320 470 1387 mundum
502 1321 610 1407 ipsum
642 1321 842 1387 animantem
874 1321 1118 1406 sapientemque
1146 1320 1222 1386 esse

204 1410 368 1494 dixerunt,
395 1410 487 1475 nullo
515 1410 611 1476 modo
634 1410 798 1494 viderunt,
826 1409 927 1475 animi
949 1413 1069 1475 natura
1090 1409 1221 1475 intelle·

205 1499 313 1587 gentis
335 1498 371 1564 in
393 1520 491 1585 quam
512 1498 654 1585 figuram
677 1497 790 1564 cadere
813 1501 939 1583 posset3
962 1498 1001 1563 da
1024 1519 1088 1583 quo
1110 1498 1220 1564 dicam

151 1603 186 1654 24
205 1587 354 1673 equidem
367 1587 473 1675 paulo
492 1591 582 1673 post3
603 1608 690 1653 nunc
706 1590 817 1652 autem
835 1586 1005 1652 hactenus:
1029 1585 1219 1652 admirabor
1231 1602 1257 1644 ιι

204 1697 316 1742 eorum
339 1676 539 1761 tarditatem,
562 1675 618 1761 qui
641 1675 841 1740 animantem
861 1675 1070 1740 inmortalem
1089 1678 1123 1740 et
1141 1697 1218 1740 eun·

204 1765 277 1830 dem
309 1764 442 1830 beatum
473 1764 650 1830 rotundum
681 1784 752 1829 esse
779 1763 896 1848 velint,
928 1762 1014 1850 quud
1041 1785 1081 1829 ea
1107 1762 1218 1830 forma
1296 1804 1297 1807 =

203 1857 302 1940 neget
333 1853 436 1918 ullam
468 1873 538 1919 essa
570 1851 788 1937 pulchriorem
815 1850 921 1918 Plato.
970 1851 1018 1916 At
1049 1851 1132 1917 mihi
1163 1853 1216 1918 rel

204 1941 342 2027 cylindri
371 1942 424 2007 vel
452 1940 604 2026 quadrati
631 1941 684 2006 vel
711 1940 785 2015 coni
811 1940 864 2006 vel
886 1940 1065 2025 pyramidis
1087 1940 1216 2006 videtur

204 2051 274 2096 esse
296 2030 480 2097 formosior.
517 2027 606 2105 Quae
628 2050 705 2094 vero
728 2029 798 2094 vita
819 2028 976 2094 tribuitur
998 2029 1056 2095 isti
1073 2030 1214 2096 rotundo
1227 2045 1254 2088 ὓ

203 2118 285 2186 deo?
322 2116 449 2203 Nempe
475 2120 513 2182 ut
535 2138 574 2183 ea
597 2116 763 2182 celeritate
786 2121 1053 2202 contorqueatur,
1080 2118 1132 2183 cui
1154 2141 1214 2204 par
1297 2156 1298 2175 κ

201 2208 295 2274 nulla
325 2228 366 2273 ne
398 2206 538 2293 cogitari
565 2204 694 2291 quidam
721 2206 841 2292 possit3
872 2206 908 2271 in
935 2228 1000 2291 qua
1026 2227 1093 2272 non
1119 2206 1212 2272 video
1297 2208 1298 2211 ’

202 2296 337 2363 ubinam
364 2315 456 2361 mans
483 2299 636 2361 constans
660 2295 785 2377 atrita
806 2295 905 2361 beata
926 2294 1033 2379 possit
1054 2292 1213 2362 insistere.

203 2383 359 2470 Quodque
394 2384 429 2449 in
464 2386 578 2450 nostro
609 2404 744 2468 corpore
775 2383 804 2448 si
840 2382 976 2448 minima
1008 2404 1047 2448 ex
1078 2382 1213 2469 partei·

203 2473 420 2561 significetur,
450 2473 626 2537 molestum
653 2472 710 2556 sit,
737 2493 794 2538 cur
816 2471 878 2537 hoc
900 2470 987 2536 idem
1009 2492 1075 2538 non
1097 2471 1211 2538 habea·
1224 2485 1250 2530 ὓ

202 2568 257 2628 tur
275 2562 450 2628 molestum
472 2561 507 2626 in
530 2560 612 2627 deo?
648 2559 750 2625 Terra
772 2559 859 2625 enim
881 2559 1037 2645 profecto,
1060 2560 1211 2645 quoniam

116 2651 119 2659 '
203 2650 316 2718 mundi
346 2671 424 2738 pars
455 2654 521 2735 est,
552 2670 629 2735 pars
660 2653 712 2715 est
740 2648 840 2714 etiam
867 2647 928 2714 dci.
976 2648 1081 2732 Atqui
1106 2654 1211 2715 terrae

203 2760 372 2805 maxumas
403 2737 552 2825 regiones
581 2736 808 2803 inhabitabilis
836 2741 934 2821 atque
960 2736 1102 2803 incultas
1128 2736 1210 2803 vide

203 2848 290 2912 mus,
321 2825 408 2911 quod
434 2848 511 2912 pars
541 2848 653 2892 earum
675 2825 814 2911 adpulsu
836 2824 916 2890 solis
939 2824 1105 2909 exarserit,
1135 2846 1209 2911 pars

203 2915 385 3003 obriguerit
419 2915 494 2981 nire
525 2915 705 3001 pruinaque
732 2913 912 3000 longinquo
940 2913 1019 2979 solis
1047 2913 1245 3016 abscessum

204 3024 364 3177 lutat
386 3003 533 3162 lull}
554 2999 1208 3177 tlul⁶”:alltj¹lbfflllltt

203 3179 338 3248 dicenda
360 3185 445 3246 sunt.

149 3283 183 3334 25
269 3269 378 3354 Atque
409 3269 490 3334 haec
517 3266 647 3353 quidem
673 3268 797 3351 restra,
828 3265 941 3332 bacili.
991 3264 1109 3343 Qualia
1134 3287 1206 3332 vero

201 3359 304 3443 †est,
334 3358 376 3423 ab
406 3356 523 3422 ultimo
553 3358 699 3441 repetam
727 3356 939 3440 superiorum.
983 3354 1104 3421 Thales
1126 3355 1205 3421 enim
1218 3372 1242 3415 u

202 3447 359 3529 Milesius,
378 3446 434 3530 qui
452 3446 576 3530 primus
596 3444 634 3509 de
652 3444 776 3509 talibus
793 3444 891 3509 rebus
906 3443 1076 3530 quaesivit,
1095 3465 1205 3528 aquam

203 3536 285 3602 dixit
312 3554 383 3599 esse
410 3532 540 3598 initium
566 3555 689 3616 rerum,
717 3532 812 3597 deum
835 3536 945 3597 autem
968 3554 1040 3598 eam
1062 3536 1204 3615 mentem,
