<?xml version="1.0" encoding="UTF-8"?>
<!DOCTYPE html PUBLIC "-//W3C//DTD XHTML 1.0 Transitional//EN"
    "http://www.w3.org/TR/xhtml1/DTD/xhtml1-transitional.dtd">
<html xmlns="http://www.w3.org/1999/xhtml" xml:lang="en" lang="en">
 <head>
  <title>
</title>
<meta http-equiv="Content-Type" content="text/html;charset=utf-8" />
  <meta name='ocr-system' content='tesseract 3.04.00' />
  <meta name='ocr-capabilities' content='ocr_page ocr_carea ocr_par ocr_line ocrx_word'/>
</head>
<body>
  <div class='ocr_page' id='page_1' title='image "./mtulliiciceroni00salegoog_0276.png"; bbox 0 0 2652 3920; ppageno 0'>
   <div class='ocr_carea' id='block_1_1' title="bbox 371 206 1144 279">
    <p class='ocr_par' dir='ltr' id='par_1_1' title="bbox 371 206 1144 279">
     <span class='ocr_line' id='line_1_1' title="bbox 371 206 1144 279; baseline 0.017 -14"><span class='ocrx_word' id='word_1_1' title='bbox 371 206 440 266; x_wconf 74' lang='lat' dir='ltr'><strong>um.</strong></span> <span class='ocrx_word' id='word_1_2' title='bbox 458 212 493 267; x_wconf 88' lang='lat'><strong>11.</strong></span> <span class='ocrx_word' id='word_1_3' title='bbox 512 206 593 267; x_wconf 65' lang='lat' dir='ltr'><strong>&#39;cre</strong></span> <span class='ocrx_word' id='word_1_4' title='bbox 612 218 728 268; x_wconf 80' lang='lat' dir='ltr'><strong>ee-ee.</strong></span> <span class='ocrx_word' id='word_1_5' title='bbox 751 217 767 279; x_wconf 69' lang='lat' dir='ltr'><strong>a</strong></span> <span class='ocrx_word' id='word_1_6' title='bbox 786 217 899 269; x_wconf 79' lang='lat' dir='ltr'><strong>ro-au</strong></span> <span class='ocrx_word' id='word_1_7' title='bbox 1078 211 1144 277; x_wconf 76' lang='lat'><strong>223</strong></span> 
     </span>
    </p>
   </div>
   <div class='ocr_carea' id='block_1_2' title="bbox 135 354 1201 644">
    <p class='ocr_par' dir='ltr' id='par_1_2' title="bbox 135 354 1201 644">
     <span class='ocr_line' id='line_1_2' title="bbox 135 354 1148 445; baseline 0 -21"><span class='ocrx_word' id='word_1_8' title='bbox 135 357 199 424; x_wconf 81' lang='lat' dir='ltr'><strong>lioc</strong></span> <span class='ocrx_word' id='word_1_9' title='bbox 222 355 353 442; x_wconf 86' lang='lat' dir='ltr'><strong>quidem</strong></span> <span class='ocrx_word' id='word_1_10' title='bbox 375 354 441 422; x_wconf 88' lang='lat' dir='ltr'><strong>iam</strong></span> <span class='ocrx_word' id='word_1_11' title='bbox 459 355 640 442; x_wconf 89' lang='lat' dir='ltr'><strong>tripudium</strong></span> <span class='ocrx_word' id='word_1_12' title='bbox 659 354 790 444; x_wconf 90' lang='lat' dir='ltr'><strong>dicitur)</strong></span> <span class='ocrx_word' id='word_1_13' title='bbox 809 391 852 405; x_wconf 96' lang='lat'><em>-</em></span> <span class='ocrx_word' id='word_1_14' title='bbox 871 377 945 422; x_wconf 88' lang='lat' dir='ltr'><strong>oum</strong></span> <span class='ocrx_word' id='word_1_15' title='bbox 962 356 1065 445; x_wconf 82' lang='lat' dir='ltr'><strong>igitur</strong></span> <span class='ocrx_word' id='word_1_16' title='bbox 1082 357 1148 424; x_wconf 84' lang='lat' dir='ltr'><strong>offa</strong></span> 
     </span>
     <span class='ocr_line' id='line_1_3' title="bbox 135 444 1147 531; baseline -0.002 -18"><span class='ocrx_word' id='word_1_17' title='bbox 135 445 253 513; x_wconf 81' lang='lat' dir='ltr'><strong>cecidit</strong></span> <span class='ocrx_word' id='word_1_18' title='bbox 275 467 315 510; x_wconf 87' lang='lat' dir='ltr'><strong>ex</strong></span> <span class='ocrx_word' id='word_1_19' title='bbox 337 465 393 510; x_wconf 90' lang='lat' dir='ltr'><strong>ore</strong></span> <span class='ocrx_word' id='word_1_20' title='bbox 415 444 508 531; x_wconf 72' lang='lat' dir='ltr'><strong>pulli,</strong></span> <span class='ocrx_word' id='word_1_21' title='bbox 530 449 602 510; x_wconf 92' lang='lat' dir='ltr'><strong>tum</strong></span> <span class='ocrx_word' id='word_1_22' title='bbox 624 444 808 530; x_wconf 72' lang='lat' dir='ltr'><strong>auspicanti</strong></span> <span class='ocrx_word' id='word_1_23' title='bbox 829 444 1009 530; x_wconf 89' lang='lat' dir='ltr'><strong>tripudium</strong></span> <span class='ocrx_word' id='word_1_24' title='bbox 1029 446 1147 512; x_wconf 86' lang='lat' dir='ltr'><strong>solisti-</strong></span> 
     </span>
     <span class='ocr_line' id='line_1_4' title="bbox 137 517 1201 644; baseline -0.001 -44"><span class='ocrx_word' id='word_1_25' title='bbox 137 556 227 600; x_wconf 89' lang='lat' dir='ltr'><strong>mum</strong></span> <span class='ocrx_word' id='word_1_26' title='bbox 249 533 427 599; x_wconf 87' lang='lat' dir='ltr'><strong>nuntiatur.</strong></span> <span class='ocrx_word' id='word_1_27' title='bbox 462 531 554 620; x_wconf 71' lang='lat' dir='ltr'><strong>Ergo</strong></span> <span class='ocrx_word' id='word_1_28' title='bbox 575 533 639 599; x_wconf 90' lang='lat' dir='ltr'><strong>hoe</strong></span> <span class='ocrx_word' id='word_1_29' title='bbox 658 533 838 619; x_wconf 82' lang='lat' dir='ltr'><strong>auspicium</strong></span> <span class='ocrx_word' id='word_1_30' title='bbox 856 533 957 598; x_wconf 87' lang='lat' dir='ltr'><strong>divini</strong></span> <span class='ocrx_word' id='word_1_31' title='bbox 975 534 1146 619; x_wconf 89' lang='lat' dir='ltr'><strong>quicquam</strong></span> <span class='ocrx_word' id='word_1_32' title='bbox 1158 517 1201 644; x_wconf 44' lang='grc' dir='ltr'><strong>ξιξ</strong></span> 
     </span>
    </p>
   </div>
   <div class='ocr_carea' id='block_1_3' title="bbox 45 621 1202 3606">
    <p class='ocr_par' dir='ltr' id='par_1_3' title="bbox 100 621 1149 1416">
     <span class='ocr_line' id='line_1_5' title="bbox 136 621 1146 709; baseline 0 -21"><span class='ocrx_word' id='word_1_33' title='bbox 136 622 258 688; x_wconf 85' lang='lat' dir='ltr'><strong>habere</strong></span> <span class='ocrx_word' id='word_1_34' title='bbox 285 624 409 707; x_wconf 84' lang='lat' dir='ltr'><strong>potest,</strong></span> <span class='ocrx_word' id='word_1_35' title='bbox 437 622 524 706; x_wconf 92' lang='lat' dir='ltr'><strong>quod</strong></span> <span class='ocrx_word' id='word_1_36' title='bbox 550 623 621 688; x_wconf 89' lang='lat' dir='ltr'><strong>tam</strong></span> <span class='ocrx_word' id='word_1_37' title='bbox 643 621 689 686; x_wconf 88' lang='lat' dir='ltr'><strong>sit</strong></span> <span class='ocrx_word' id='word_1_38' title='bbox 710 626 858 687; x_wconf 90' lang='lat' dir='ltr'><strong>coactum</strong></span> <span class='ocrx_word' id='word_1_39' title='bbox 881 626 915 687; x_wconf 91' lang='lat' dir='ltr'><strong>et</strong></span> <span class='ocrx_word' id='word_1_40' title='bbox 937 624 1146 709; x_wconf 80' lang='lat' dir='ltr'><strong>expressum?</strong></span> 
     </span>
     <span class='ocr_line' id='line_1_6' title="bbox 110 709 1147 798; baseline -0.002 -20"><span class='ocrx_word' id='word_1_41' title='bbox 110 709 208 788; x_wconf 69' lang='lat' dir='ltr'><strong>rouo</strong></span> <span class='ocrx_word' id='word_1_42' title='bbox 232 710 302 776; x_wconf 90' lang='lat' dir='ltr'><strong>anti</strong></span> <span class='ocrx_word' id='word_1_43' title='bbox 324 710 487 776; x_wconf 87' lang='lat' dir='ltr'><strong>nissumos</strong></span> <span class='ocrx_word' id='word_1_44' title='bbox 510 730 650 797; x_wconf 78' lang='lat' dir='ltr'><strong>augures</strong></span> <span class='ocrx_word' id='word_1_45' title='bbox 673 732 739 776; x_wconf 90' lang='lat' dir='ltr'><strong>non</strong></span> <span class='ocrx_word' id='word_1_46' title='bbox 762 731 833 776; x_wconf 87' lang='lat' dir='ltr'><strong>esse</strong></span> <span class='ocrx_word' id='word_1_47' title='bbox 855 731 933 776; x_wconf 82' lang='lat' dir='ltr'><strong>usos</strong></span> <span class='ocrx_word' id='word_1_48' title='bbox 954 715 1147 798; x_wconf 84' lang='lat' dir='ltr'><strong>argumento</strong></span> 
     </span>
     <span class='ocr_line' id='line_1_7' title="bbox 137 732 1149 884; baseline -0.002 -18"><span class='ocrx_word' id='word_1_49' title='bbox 137 803 201 884; x_wconf 88' lang='lat' dir='ltr'><strong>est,</strong></span> <span class='ocrx_word' id='word_1_50' title='bbox 233 732 324 883; x_wconf 78' lang='lat' dir='ltr'><strong>quod</strong></span> <span class='ocrx_word' id='word_1_51' title='bbox 352 797 516 864; x_wconf 87' lang='lat' dir='ltr'><strong>decretum</strong></span> <span class='ocrx_word' id='word_1_52' title='bbox 547 797 680 884; x_wconf 84' lang='lat' dir='ltr'><strong>collegii</strong></span> <span class='ocrx_word' id='word_1_53' title='bbox 710 802 805 866; x_wconf 83' lang='lat' dir='ltr'><strong>vetus</strong></span> <span class='ocrx_word' id='word_1_54' title='bbox 833 797 991 864; x_wconf 89' lang='lat' dir='ltr'><strong>habemus</strong></span> <span class='ocrx_word' id='word_1_55' title='bbox 1019 820 1149 866; x_wconf 89' lang='lat' dir='ltr'><strong>omnem</strong></span> 
     </span>
     <span class='ocr_line' id='line_1_8' title="bbox 137 886 1149 974; baseline -0.001 -20"><span class='ocrx_word' id='word_1_56' title='bbox 137 909 232 954; x_wconf 84' lang='lat' dir='ltr'><strong>avom</strong></span> <span class='ocrx_word' id='word_1_57' title='bbox 258 887 438 972; x_wconf 88' lang='lat' dir='ltr'><strong>tripudium</strong></span> <span class='ocrx_word' id='word_1_58' title='bbox 462 888 569 953; x_wconf 86' lang='lat' dir='ltr'><strong>faeere</strong></span> <span class='ocrx_word' id='word_1_59' title='bbox 595 908 701 972; x_wconf 90' lang='lat' dir='ltr'><strong>posse.</strong></span> <span class='ocrx_word' id='word_1_60' title='bbox 746 886 830 954; x_wconf 83' lang='lat' dir='ltr'><strong>Tum</strong></span> <span class='ocrx_word' id='word_1_61' title='bbox 856 887 959 974; x_wconf 76' lang='lat' dir='ltr'><strong>igitur</strong></span> <span class='ocrx_word' id='word_1_62' title='bbox 986 891 1072 954; x_wconf 83' lang='lat' dir='ltr'><strong>esset</strong></span> <span class='ocrx_word' id='word_1_63' title='bbox 1095 910 1149 953; x_wconf 91' lang='lat' dir='ltr'><strong>au·</strong></span> 
     </span>
     <span class='ocr_line' id='line_1_9' title="bbox 137 973 1148 1063; baseline 0.001 -22"><span class='ocrx_word' id='word_1_64' title='bbox 137 976 277 1062; x_wconf 87' lang='lat' dir='ltr'><strong>spicium</strong></span> <span class='ocrx_word' id='word_1_65' title='bbox 300 973 344 1063; x_wconf 89' lang='lat' dir='ltr'><strong>(si</strong></span> <span class='ocrx_word' id='word_1_66' title='bbox 366 975 462 1042; x_wconf 90' lang='lat' dir='ltr'><strong>modo</strong></span> <span class='ocrx_word' id='word_1_67' title='bbox 483 979 570 1041; x_wconf 83' lang='lat' dir='ltr'><strong>esset</strong></span> <span class='ocrx_word' id='word_1_68' title='bbox 588 975 618 1041; x_wconf 91' lang='lat' dir='ltr'><strong>ei</strong></span> <span class='ocrx_word' id='word_1_69' title='bbox 636 973 790 1062; x_wconf 87' lang='lat' dir='ltr'><strong>liberum)</strong></span> <span class='ocrx_word' id='word_1_70' title='bbox 808 997 843 1041; x_wconf 89' lang='lat' dir='ltr'><strong>se</strong></span> <span class='ocrx_word' id='word_1_71' title='bbox 862 976 1055 1062; x_wconf 81' lang='lat' dir='ltr'><strong>ostendisse3</strong></span> <span class='ocrx_word' id='word_1_72' title='bbox 1077 980 1148 1042; x_wconf 90' lang='lat' dir='ltr'><strong>tum</strong></span> 
     </span>
     <span class='ocr_line' id='line_1_10' title="bbox 138 1063 1149 1152; baseline -0.001 -21"><span class='ocrx_word' id='word_1_73' title='bbox 138 1065 208 1131; x_wconf 83' lang='lat' dir='ltr'><strong>avis</strong></span> <span class='ocrx_word' id='word_1_74' title='bbox 232 1064 291 1130; x_wconf 91' lang='lat' dir='ltr'><strong>illa</strong></span> <span class='ocrx_word' id='word_1_75' title='bbox 308 1063 411 1129; x_wconf 85' lang='lat' dir='ltr'><strong>videri</strong></span> <span class='ocrx_word' id='word_1_76' title='bbox 430 1067 544 1150; x_wconf 88' lang='lat' dir='ltr'><strong>posset</strong></span> <span class='ocrx_word' id='word_1_77' title='bbox 559 1064 722 1150; x_wconf 74' lang='lat' dir='ltr'><strong>interpres</strong></span> <span class='ocrx_word' id='word_1_78' title='bbox 741 1067 775 1130; x_wconf 91' lang='lat' dir='ltr'><strong>et</strong></span> <span class='ocrx_word' id='word_1_79' title='bbox 793 1065 925 1130; x_wconf 88' lang='lat' dir='ltr'><strong>satelles</strong></span> <span class='ocrx_word' id='word_1_80' title='bbox 939 1063 1042 1152; x_wconf 78' lang='lat' dir='ltr'><strong>Iovis3</strong></span> <span class='ocrx_word' id='word_1_81' title='bbox 1063 1086 1149 1130; x_wconf 89' lang='lat' dir='ltr'><strong>nunc</strong></span> 
     </span>
     <span class='ocr_line' id='line_1_11' title="bbox 100 1152 1148 1240; baseline 0.005 -27"><span class='ocrx_word' id='word_1_82' title='bbox 100 1171 126 1213; x_wconf 78' lang='lat' dir='ltr'><strong>io</strong></span> <span class='ocrx_word' id='word_1_83' title='bbox 138 1174 217 1220; x_wconf 81' lang='lat' dir='ltr'><strong>vero</strong></span> <span class='ocrx_word' id='word_1_84' title='bbox 234 1153 362 1218; x_wconf 82' lang='lat' dir='ltr'><strong>inclusa</strong></span> <span class='ocrx_word' id='word_1_85' title='bbox 378 1152 415 1217; x_wconf 90' lang='lat' dir='ltr'><strong>in</strong></span> <span class='ocrx_word' id='word_1_86' title='bbox 432 1174 531 1219; x_wconf 79' lang='lat' dir='ltr'><strong>cavea</strong></span> <span class='ocrx_word' id='word_1_87' title='bbox 549 1156 583 1218; x_wconf 91' lang='lat' dir='ltr'><strong>et</strong></span> <span class='ocrx_word' id='word_1_88' title='bbox 600 1152 687 1218; x_wconf 91' lang='lat' dir='ltr'><strong>fame</strong></span> <span class='ocrx_word' id='word_1_89' title='bbox 706 1156 818 1219; x_wconf 86' lang='lat' dir='ltr'><strong>enecta</strong></span> <span class='ocrx_word' id='word_1_90' title='bbox 838 1153 867 1218; x_wconf 90' lang='lat' dir='ltr'><strong>si</strong></span> <span class='ocrx_word' id='word_1_91' title='bbox 884 1152 920 1218; x_wconf 88' lang='lat' dir='ltr'><strong>in</strong></span> <span class='ocrx_word' id='word_1_92' title='bbox 934 1154 1032 1219; x_wconf 88' lang='lat' dir='ltr'><strong>offam</strong></span> <span class='ocrx_word' id='word_1_93' title='bbox 1045 1152 1148 1240; x_wconf 86' lang='lat' dir='ltr'><strong>pultis</strong></span> 
     </span>
     <span class='ocr_line' id='line_1_12' title="bbox 137 1240 1149 1328; baseline -0.001 -21"><span class='ocrx_word' id='word_1_94' title='bbox 137 1241 272 1326; x_wconf 77' lang='lat' dir='ltr'><strong>invadit,</strong></span> <span class='ocrx_word' id='word_1_95' title='bbox 296 1246 329 1307; x_wconf 89' lang='lat' dir='ltr'><strong>et</strong></span> <span class='ocrx_word' id='word_1_96' title='bbox 347 1241 381 1306; x_wconf 86' lang='lat' dir='ltr'><strong>si</strong></span> <span class='ocrx_word' id='word_1_97' title='bbox 398 1240 522 1326; x_wconf 89' lang='lat' dir='ltr'><strong>aliquid</strong></span> <span class='ocrx_word' id='word_1_98' title='bbox 541 1263 580 1306; x_wconf 84' lang='lat' dir='ltr'><strong>ex</strong></span> <span class='ocrx_word' id='word_1_99' title='bbox 599 1241 667 1306; x_wconf 88' lang='lat' dir='ltr'><strong>eius</strong></span> <span class='ocrx_word' id='word_1_100' title='bbox 686 1263 742 1307; x_wconf 88' lang='lat' dir='ltr'><strong>ore</strong></span> <span class='ocrx_word' id='word_1_101' title='bbox 761 1241 885 1326; x_wconf 82' lang='lat' dir='ltr'><strong>cecidit,</strong></span> <span class='ocrx_word' id='word_1_102' title='bbox 907 1241 969 1307; x_wconf 91' lang='lat' dir='ltr'><strong>hoc</strong></span> <span class='ocrx_word' id='word_1_103' title='bbox 986 1246 1025 1307; x_wconf 87' lang='lat' dir='ltr'><strong>tu</strong></span> <span class='ocrx_word' id='word_1_104' title='bbox 1043 1241 1149 1328; x_wconf 86' lang='lat' dir='ltr'><strong>auspi·</strong></span> 
     </span>
     <span class='ocr_line' id='line_1_13' title="bbox 138 1328 1148 1416; baseline 0.001 -20"><span class='ocrx_word' id='word_1_105' title='bbox 138 1330 224 1398; x_wconf 90' lang='lat' dir='ltr'><strong>cium</strong></span> <span class='ocrx_word' id='word_1_106' title='bbox 244 1334 301 1395; x_wconf 91' lang='lat' dir='ltr'><strong>aut</strong></span> <span class='ocrx_word' id='word_1_107' title='bbox 318 1329 380 1396; x_wconf 90' lang='lat' dir='ltr'><strong>hoc</strong></span> <span class='ocrx_word' id='word_1_108' title='bbox 398 1331 495 1396; x_wconf 91' lang='lat' dir='ltr'><strong>modo</strong></span> <span class='ocrx_word' id='word_1_109' title='bbox 509 1329 685 1395; x_wconf 86' lang='lat' dir='ltr'><strong>Romulum</strong></span> <span class='ocrx_word' id='word_1_110' title='bbox 703 1328 865 1415; x_wconf 87' lang='lat' dir='ltr'><strong>auspicari</strong></span> <span class='ocrx_word' id='word_1_111' title='bbox 881 1329 1015 1396; x_wconf 87' lang='lat' dir='ltr'><strong>solitum</strong></span> <span class='ocrx_word' id='word_1_112' title='bbox 1028 1331 1148 1416; x_wconf 81' lang='lat' dir='ltr'><strong>putas?</strong></span> 
     </span>
    </p>

    <p class='ocr_par' dir='ltr' id='par_1_4' title="bbox 45 1417 1201 2655">
     <span class='ocr_line' id='line_1_14' title="bbox 128 1417 1201 1504; baseline -0.001 -20"><span class='ocrx_word' id='word_1_113' title='bbox 128 1417 210 1484; x_wconf 59' lang='lat' dir='ltr'><strong>&#39;Iam</strong></span> <span class='ocrx_word' id='word_1_114' title='bbox 239 1417 278 1483; x_wconf 90' lang='lat' dir='ltr'><strong>de</strong></span> <span class='ocrx_word' id='word_1_115' title='bbox 308 1418 397 1484; x_wconf 88' lang='lat' dir='ltr'><strong>eaelo</strong></span> <span class='ocrx_word' id='word_1_116' title='bbox 428 1439 557 1484; x_wconf 82' lang='lat' dir='ltr'><strong>serrare</strong></span> <span class='ocrx_word' id='word_1_117' title='bbox 583 1438 650 1485; x_wconf 91' lang='lat' dir='ltr'><strong>non</strong></span> <span class='ocrx_word' id='word_1_118' title='bbox 675 1418 765 1502; x_wconf 88' lang='lat' dir='ltr'><strong>ipsos</strong></span> <span class='ocrx_word' id='word_1_119' title='bbox 793 1438 904 1484; x_wconf 86' lang='lat' dir='ltr'><strong>censes</strong></span> <span class='ocrx_word' id='word_1_120' title='bbox 931 1419 1061 1504; x_wconf 83' lang='lat' dir='ltr'><strong>solitos,</strong></span> <span class='ocrx_word' id='word_1_121' title='bbox 1094 1419 1149 1504; x_wconf 91' lang='lat' dir='ltr'><strong>qui</strong></span> <span class='ocrx_word' id='word_1_122' title='bbox 1168 1433 1201 1483; x_wconf 76' lang='lat'><strong>&#39;14</strong></span> 
     </span>
     <span class='ocr_line' id='line_1_15' title="bbox 139 1504 1149 1593; baseline -0.002 -19"><span class='ocrx_word' id='word_1_123' title='bbox 139 1507 414 1593; x_wconf 70' lang='lat' dir='ltr'><strong>auspicabantur?</strong></span> <span class='ocrx_word' id='word_1_124' title='bbox 454 1505 550 1572; x_wconf 87' lang='lat' dir='ltr'><strong>Nunc</strong></span> <span class='ocrx_word' id='word_1_125' title='bbox 574 1506 739 1591; x_wconf 89' lang='lat' dir='ltr'><strong>imperant</strong></span> <span class='ocrx_word' id='word_1_126' title='bbox 765 1504 921 1591; x_wconf 81' lang='lat' dir='ltr'><strong>pullari03</strong></span> <span class='ocrx_word' id='word_1_127' title='bbox 950 1507 1008 1573; x_wconf 89' lang='lat' dir='ltr'><strong>ille</strong></span> <span class='ocrx_word' id='word_1_128' title='bbox 1035 1527 1149 1572; x_wconf 89' lang='lat' dir='ltr'><strong>renun-</strong></span> 
     </span>
     <span class='ocr_line' id='line_1_16' title="bbox 99 1594 1148 1679; baseline -0.002 -17"><span class='ocrx_word' id='word_1_129' title='bbox 99 1613 125 1655; x_wconf 74' lang='lat'><strong>15</strong></span> <span class='ocrx_word' id='word_1_130' title='bbox 138 1596 211 1662; x_wconf 89' lang='lat' dir='ltr'><strong>tiat.</strong></span> <span class='ocrx_word' id='word_1_131' title='bbox 246 1594 385 1661; x_wconf 82' lang='lat' dir='ltr'><strong>Fulmen</strong></span> <span class='ocrx_word' id='word_1_132' title='bbox 407 1594 577 1660; x_wconf 89' lang='lat' dir='ltr'><strong>sinistrum</strong></span> <span class='ocrx_word' id='word_1_133' title='bbox 599 1594 779 1679; x_wconf 85' lang='lat' dir='ltr'><strong>auspicium</strong></span> <span class='ocrx_word' id='word_1_134' title='bbox 803 1596 974 1679; x_wconf 89' lang='lat' dir='ltr'><strong>optumum</strong></span> <span class='ocrx_word' id='word_1_135' title='bbox 991 1595 1148 1660; x_wconf 89' lang='lat' dir='ltr'><strong>habemus</strong></span> 
     </span>
     <span class='ocr_line' id='line_1_17' title="bbox 139 1682 1149 1769; baseline -0.002 -18"><span class='ocrx_word' id='word_1_136' title='bbox 139 1685 181 1751; x_wconf 85' lang='lat' dir='ltr'><strong>ad</strong></span> <span class='ocrx_word' id='word_1_137' title='bbox 208 1684 314 1750; x_wconf 89' lang='lat' dir='ltr'><strong>omnis</strong></span> <span class='ocrx_word' id='word_1_138' title='bbox 341 1704 394 1748; x_wconf 87' lang='lat' dir='ltr'><strong>res</strong></span> <span class='ocrx_word' id='word_1_139' title='bbox 419 1686 649 1769; x_wconf 79' lang='lat' dir='ltr'><strong>praeterquam</strong></span> <span class='ocrx_word' id='word_1_140' title='bbox 673 1683 714 1747; x_wconf 90' lang='lat' dir='ltr'><strong>ad</strong></span> <span class='ocrx_word' id='word_1_141' title='bbox 737 1682 883 1767; x_wconf 79' lang='lat' dir='ltr'><strong>comitia3</strong></span> <span class='ocrx_word' id='word_1_142' title='bbox 910 1683 997 1767; x_wconf 91' lang='lat' dir='ltr'><strong>quod</strong></span> <span class='ocrx_word' id='word_1_143' title='bbox 1019 1682 1149 1768; x_wconf 91' lang='lat' dir='ltr'><strong>quidem</strong></span> 
     </span>
     <span class='ocr_line' id='line_1_18' title="bbox 138 1770 1149 1856; baseline 0 -19"><span class='ocrx_word' id='word_1_144' title='bbox 138 1772 327 1838; x_wconf 88' lang='lat' dir='ltr'><strong>institutum</strong></span> <span class='ocrx_word' id='word_1_145' title='bbox 353 1770 402 1836; x_wconf 88' lang='lat' dir='ltr'><strong>rei</strong></span> <span class='ocrx_word' id='word_1_146' title='bbox 428 1770 578 1856; x_wconf 89' lang='lat' dir='ltr'><strong>publicae</strong></span> <span class='ocrx_word' id='word_1_147' title='bbox 601 1792 699 1835; x_wconf 83' lang='lat' dir='ltr'><strong>eausa</strong></span> <span class='ocrx_word' id='word_1_148' title='bbox 721 1774 785 1854; x_wconf 85' lang='lat' dir='ltr'><strong>est,</strong></span> <span class='ocrx_word' id='word_1_149' title='bbox 807 1774 845 1835; x_wconf 91' lang='lat' dir='ltr'><strong>ut</strong></span> <span class='ocrx_word' id='word_1_150' title='bbox 867 1771 1073 1836; x_wconf 90' lang='lat' dir='ltr'><strong>comitiorum</strong></span> <span class='ocrx_word' id='word_1_151' title='bbox 1096 1773 1149 1838; x_wconf 83' lang='lat' dir='ltr'><strong>vel</strong></span> 
     </span>
     <span class='ocr_line' id='line_1_19' title="bbox 138 1858 1148 1946; baseline 0 -20"><span class='ocrx_word' id='word_1_152' title='bbox 138 1861 174 1926; x_wconf 85' lang='lat' dir='ltr'><strong>in</strong></span> <span class='ocrx_word' id='word_1_153' title='bbox 199 1859 326 1926; x_wconf 90' lang='lat' dir='ltr'><strong>iudiciis</strong></span> <span class='ocrx_word' id='word_1_154' title='bbox 354 1859 468 1945; x_wconf 90' lang='lat' dir='ltr'><strong>populi</strong></span> <span class='ocrx_word' id='word_1_155' title='bbox 495 1858 547 1924; x_wconf 87' lang='lat' dir='ltr'><strong>vel</strong></span> <span class='ocrx_word' id='word_1_156' title='bbox 574 1859 612 1924; x_wconf 70' lang='lat' dir='ltr'><strong>in·</strong></span> <span class='ocrx_word' id='word_1_157' title='bbox 635 1859 705 1924; x_wconf 89' lang='lat' dir='ltr'><strong>iure</strong></span> <span class='ocrx_word' id='word_1_158' title='bbox 732 1858 843 1946; x_wconf 80' lang='lat' dir='ltr'><strong>legum</strong></span> <span class='ocrx_word' id='word_1_159' title='bbox 869 1859 923 1925; x_wconf 80' lang='lat' dir='ltr'><strong>rel</strong></span> <span class='ocrx_word' id='word_1_160' title='bbox 945 1859 981 1925; x_wconf 93' lang='lat' dir='ltr'><strong>in</strong></span> <span class='ocrx_word' id='word_1_161' title='bbox 1002 1860 1148 1926; x_wconf 85' lang='lat' dir='ltr'><strong>creandis</strong></span> 
     </span>
     <span class='ocr_line' id='line_1_20' title="bbox 45 1946 1150 2035; baseline 0.001 -21"><span class='ocrx_word' id='word_1_162' title='bbox 45 2026 47 2030; x_wconf 11' lang='grc' dir='ltr'><em>Α</em></span> <span class='ocrx_word' id='word_1_163' title='bbox 138 1948 388 2035; x_wconf 80' lang='lat' dir='ltr'><strong>magistratibus</strong></span> <span class='ocrx_word' id='word_1_164' title='bbox 407 1948 568 2033; x_wconf 89' lang='lat' dir='ltr'><strong>principes</strong></span> <span class='ocrx_word' id='word_1_165' title='bbox 587 1947 730 2014; x_wconf 84' lang='lat' dir='ltr'><strong>civitatis</strong></span> <span class='ocrx_word' id='word_1_166' title='bbox 749 1951 858 2013; x_wconf 88' lang='lat' dir='ltr'><strong>essent</strong></span> <span class='ocrx_word' id='word_1_167' title='bbox 870 1946 1085 2034; x_wconf 81' lang='lat' dir='ltr'><strong>interpretes..</strong></span> <span class='ocrx_word' id='word_1_168' title='bbox 1102 1952 1150 2015; x_wconf 90' lang='lat' dir='ltr'><strong>At</strong></span> 
     </span>
     <span class='ocr_line' id='line_1_21' title="bbox 98 2033 1150 2125; baseline 0.001 -23"><span class='ocrx_word' id='word_1_169' title='bbox 98 2053 126 2095; x_wconf 69' lang='lat' dir='ltr'><strong>ro</strong></span> <span class='ocrx_word' id='word_1_170' title='bbox 139 2036 188 2102; x_wconf 76' lang='grc' dir='ltr'><strong>Ἦ.</strong></span> <span class='ocrx_word' id='word_1_171' title='bbox 216 2033 356 2102; x_wconf 82' lang='lat' dir='ltr'><strong>Gracchi</strong></span> <span class='ocrx_word' id='word_1_172' title='bbox 382 2036 502 2102; x_wconf 87' lang='lat' dir='ltr'><strong>litteris</strong></span> <span class='ocrx_word' id='word_1_173' title='bbox 528 2033 635 2121; x_wconf 85' lang='lat' dir='ltr'><strong>Scipio</strong></span> <span class='ocrx_word' id='word_1_174' title='bbox 666 2040 700 2101; x_wconf 89' lang='lat' dir='ltr'><strong>et</strong></span> <span class='ocrx_word' id='word_1_175' title='bbox 721 2033 858 2125; x_wconf 81' lang='lat' dir='ltr'><strong>Figulus</strong></span> <span class='ocrx_word' id='word_1_176' title='bbox 886 2037 1049 2121; x_wconf 86' lang='lat' dir='ltr'><strong>consules,</strong></span> <span class='ocrx_word' id='word_1_177' title='bbox 1076 2059 1150 2103; x_wconf 90' lang='lat' dir='ltr'><strong>cum</strong></span> 
     </span>
     <span class='ocr_line' id='line_1_22' title="bbox 139 2123 1150 2212; baseline 0 -21"><span class='ocrx_word' id='word_1_178' title='bbox 139 2146 279 2212; x_wconf 79' lang='lat' dir='ltr'><strong>augures</strong></span> <span class='ocrx_word' id='word_1_179' title='bbox 302 2124 499 2191; x_wconf 90' lang='lat' dir='ltr'><strong>iudicassent</strong></span> <span class='ocrx_word' id='word_1_180' title='bbox 521 2145 583 2206; x_wconf 67' lang='lat' dir='ltr'><strong>eos⁴</strong></span> <span class='ocrx_word' id='word_1_181' title='bbox 599 2123 680 2190; x_wconf 83' lang='lat' dir='ltr'><strong>vitio</strong></span> <span class='ocrx_word' id='word_1_182' title='bbox 704 2129 831 2191; x_wconf 85' lang='lat' dir='ltr'><strong>creatos</strong></span> <span class='ocrx_word' id='word_1_183' title='bbox 850 2146 930 2210; x_wconf 87' lang='lat' dir='ltr'><strong>esse,</strong></span> <span class='ocrx_word' id='word_1_184' title='bbox 952 2126 1150 2212; x_wconf 80' lang='lat' dir='ltr'><strong>magistratu</strong></span> 
     </span>
     <span class='ocr_line' id='line_1_23' title="bbox 140 2212 1149 2300; baseline 0.002 -20"><span class='ocrx_word' id='word_1_185' title='bbox 140 2236 174 2280; x_wconf 87' lang='lat' dir='ltr'><strong>se</strong></span> <span class='ocrx_word' id='word_1_186' title='bbox 189 2214 429 2280; x_wconf 85' lang='lat' dir='ltr'><strong>abdicaverunt.</strong></span> <span class='ocrx_word' id='word_1_187' title='bbox 452 2212 532 2290; x_wconf 84' lang='lat' dir='ltr'><strong>Quis</strong></span> <span class='ocrx_word' id='word_1_188' title='bbox 545 2215 646 2300; x_wconf 85' lang='lat' dir='ltr'><strong>negat</strong></span> <span class='ocrx_word' id='word_1_189' title='bbox 660 2234 820 2300; x_wconf 84' lang='lat' dir='ltr'><strong>augurum</strong></span> <span class='ocrx_word' id='word_1_190' title='bbox 834 2213 1041 2299; x_wconf 88' lang='lat' dir='ltr'><strong>disciplinam</strong></span> <span class='ocrx_word' id='word_1_191' title='bbox 1054 2216 1149 2282; x_wconf 77' lang='lat' dir='ltr'><strong>esse?</strong></span> 
     </span>
     <span class='ocr_line' id='line_1_24' title="bbox 139 2300 1150 2390; baseline 0.002 -22"><span class='ocrx_word' id='word_1_192' title='bbox 139 2302 373 2369; x_wconf 79' lang='lat' dir='ltr'><strong>divinationem</strong></span> <span class='ocrx_word' id='word_1_193' title='bbox 401 2323 496 2390; x_wconf 82' lang='lat' dir='ltr'><strong>nego.</strong></span> <span class='ocrx_word' id='word_1_194' title='bbox 540 2300 588 2367; x_wconf 81' lang='lat' dir='ltr'><strong>At</strong></span> <span class='ocrx_word' id='word_1_195' title='bbox 614 2301 804 2388; x_wconf 89' lang='lat' dir='ltr'><strong>haruspices</strong></span> <span class='ocrx_word' id='word_1_196' title='bbox 830 2301 944 2386; x_wconf 83' lang='lat' dir='ltr'><strong>divini3</strong></span> <span class='ocrx_word' id='word_1_197' title='bbox 972 2323 1150 2386; x_wconf 84' lang='lat' dir='ltr'><strong>quoscum</strong></span> 
     </span>
     <span class='ocr_line' id='line_1_25' title="bbox 139 2389 1150 2477; baseline 0.001 -21"><span class='ocrx_word' id='word_1_198' title='bbox 139 2390 187 2456; x_wconf 66' lang='lat' dir='ltr'><strong>Ti.</strong></span> <span class='ocrx_word' id='word_1_199' title='bbox 211 2390 376 2457; x_wconf 78' lang='lat' dir='ltr'><strong>Gracchus</strong></span> <span class='ocrx_word' id='word_1_200' title='bbox 398 2393 534 2477; x_wconf 88' lang='lat' dir='ltr'><strong>propter</strong></span> <span class='ocrx_word' id='word_1_201' title='bbox 555 2393 696 2456; x_wconf 88' lang='lat' dir='ltr'><strong>mortem</strong></span> <span class='ocrx_word' id='word_1_202' title='bbox 718 2389 922 2477; x_wconf 86' lang='lat' dir='ltr'><strong>repentinam</strong></span> <span class='ocrx_word' id='word_1_203' title='bbox 940 2389 1018 2476; x_wconf 86' lang='lat' dir='ltr'><strong>eius,</strong></span> <span class='ocrx_word' id='word_1_204' title='bbox 1042 2392 1150 2476; x_wconf 89' lang='lat' dir='ltr'><strong>quiin</strong></span> 
     </span>
     <span class='ocr_line' id='line_1_26' title="bbox 99 2478 1149 2655; baseline 0 -22"><span class='ocrx_word' id='word_1_205' title='bbox 99 2495 126 2537; x_wconf 76' lang='lat'><strong>²⁵</strong></span> <span class='ocrx_word' id='word_1_206' title='bbox 139 2480 373 2634; x_wconf 64' lang='lat' dir='ltr'><strong>dtttttttt</strong></span> <span class='ocrx_word' id='word_1_207' title='bbox 391 2478 978 2655; x_wconf 62' lang='lat' dir='ltr'><strong>‘tltlttdttgttltl⁵⁸tit</strong></span> <span class='ocrx_word' id='word_1_208' title='bbox 991 2484 1149 2633; x_wconf 57' lang='lat' dir='ltr'><strong>litto</strong></span> 
     </span>
     <span class='ocr_line' id='line_1_27' title="bbox 377 2615 1149 2651; baseline 0 -21"><span class='ocrx_word' id='word_1_209' title='bbox 377 2617 386 2651; x_wconf 89' lang='lat'><em>,</em></span> <span class='ocrx_word' id='word_1_210' title='bbox 1142 2615 1149 2630; x_wconf 84' lang='lat'><strong>.</strong></span> 
     </span>
    </p>

    <p class='ocr_par' dir='ltr' id='par_1_5' title="bbox 99 2654 1202 3538">
     <span class='ocr_line' id='line_1_28' title="bbox 139 2654 1202 2741; baseline -0.001 -21"><span class='ocrx_word' id='word_1_211' title='bbox 139 2655 286 2721; x_wconf 88' lang='lat' dir='ltr'><strong>Primum</strong></span> <span class='ocrx_word' id='word_1_212' title='bbox 307 2655 391 2739; x_wconf 80' lang='lat' dir='ltr'><strong>ride,</strong></span> <span class='ocrx_word' id='word_1_213' title='bbox 408 2677 453 2722; x_wconf 86' lang='lat' dir='ltr'><strong>ne</strong></span> <span class='ocrx_word' id='word_1_214' title='bbox 472 2654 511 2722; x_wconf 89' lang='lat' dir='ltr'><strong>in</strong></span> <span class='ocrx_word' id='word_1_215' title='bbox 532 2678 607 2722; x_wconf 82' lang='lat' dir='ltr'><strong>eum</strong></span> <span class='ocrx_word' id='word_1_216' title='bbox 627 2656 779 2740; x_wconf 63' lang='lat' dir='ltr'><strong>dixerint²</strong></span> <span class='ocrx_word' id='word_1_217' title='bbox 803 2655 866 2741; x_wconf 82' lang='lat' dir='ltr'><strong>qni·</strong></span> <span class='ocrx_word' id='word_1_218' title='bbox 879 2659 1018 2741; x_wconf 83' lang='lat' dir='ltr'><strong>rogator</strong></span> <span class='ocrx_word' id='word_1_219' title='bbox 1040 2660 1149 2721; x_wconf 89' lang='lat' dir='ltr'><strong>centu·</strong></span> <span class='ocrx_word' id='word_1_220' title='bbox 1168 2666 1202 2719; x_wconf 74' lang='lat' dir='ltr'><strong>tt</strong></span> 
     </span>
     <span class='ocr_line' id='line_1_29' title="bbox 140 2742 1150 2829; baseline 0 -20"><span class='ocrx_word' id='word_1_221' title='bbox 140 2743 208 2809; x_wconf 89' lang='lat' dir='ltr'><strong>riae</strong></span> <span class='ocrx_word' id='word_1_222' title='bbox 229 2742 359 2829; x_wconf 78' lang='lat' dir='ltr'><strong>fuisset3</strong></span> <span class='ocrx_word' id='word_1_223' title='bbox 385 2742 414 2810; x_wconf 88' lang='lat' dir='ltr'><strong>is</strong></span> <span class='ocrx_word' id='word_1_224' title='bbox 437 2744 524 2811; x_wconf 90' lang='lat' dir='ltr'><strong>enim</strong></span> <span class='ocrx_word' id='word_1_225' title='bbox 546 2749 619 2810; x_wconf 89' lang='lat' dir='ltr'><strong>erat</strong></span> <span class='ocrx_word' id='word_1_226' title='bbox 640 2747 801 2829; x_wconf 88' lang='lat' dir='ltr'><strong>mortuus;</strong></span> <span class='ocrx_word' id='word_1_227' title='bbox 821 2743 857 2809; x_wconf 92' lang='lat' dir='ltr'><strong>id</strong></span> <span class='ocrx_word' id='word_1_228' title='bbox 880 2748 990 2809; x_wconf 88' lang='lat' dir='ltr'><strong>autem</strong></span> <span class='ocrx_word' id='word_1_229' title='bbox 1012 2744 1082 2809; x_wconf 90' lang='lat' dir='ltr'><strong>sine</strong></span> <span class='ocrx_word' id='word_1_230' title='bbox 1105 2744 1150 2809; x_wconf 89' lang='lat' dir='ltr'><strong>di·</strong></span> 
     </span>
     <span class='ocr_line' id='line_1_30' title="bbox 140 2831 1150 2919; baseline 0.001 -22"><span class='ocrx_word' id='word_1_231' title='bbox 140 2831 305 2899; x_wconf 80' lang='lat' dir='ltr'><strong>viratione</strong></span> <span class='ocrx_word' id='word_1_232' title='bbox 327 2832 511 2900; x_wconf 85' lang='lat' dir='ltr'><strong>coniectura</strong></span> <span class='ocrx_word' id='word_1_233' title='bbox 532 2834 686 2919; x_wconf 90' lang='lat' dir='ltr'><strong>poteraut</strong></span> <span class='ocrx_word' id='word_1_234' title='bbox 709 2832 822 2899; x_wconf 86' lang='lat' dir='ltr'><strong>dicere.</strong></span> <span class='ocrx_word' id='word_1_235' title='bbox 862 2831 988 2897; x_wconf 90' lang='lat' dir='ltr'><strong>Deinde</strong></span> <span class='ocrx_word' id='word_1_236' title='bbox 1008 2831 1150 2899; x_wconf 81' lang='lat' dir='ltr'><strong>fortasse</strong></span> 
     </span>
     <span class='ocr_line' id='line_1_31' title="bbox 99 2920 1150 3008; baseline -0.002 -20"><span class='ocrx_word' id='word_1_237' title='bbox 99 2937 231 3006; x_wconf 68' lang='lat' dir='ltr'><strong>weasu,</strong></span> <span class='ocrx_word' id='word_1_238' title='bbox 263 2920 319 3006; x_wconf 89' lang='lat' dir='ltr'><strong>qui</strong></span> <span class='ocrx_word' id='word_1_239' title='bbox 349 2921 441 2986; x_wconf 90' lang='lat' dir='ltr'><strong>nullo</strong></span> <span class='ocrx_word' id='word_1_240' title='bbox 472 2920 569 2987; x_wconf 90' lang='lat' dir='ltr'><strong>modo</strong></span> <span class='ocrx_word' id='word_1_241' title='bbox 599 2922 651 2986; x_wconf 88' lang='lat' dir='ltr'><strong>est</strong></span> <span class='ocrx_word' id='word_1_242' title='bbox 677 2942 716 2986; x_wconf 85' lang='lat' dir='ltr'><strong>ex</strong></span> <span class='ocrx_word' id='word_1_243' title='bbox 742 2920 804 2987; x_wconf 89' lang='lat' dir='ltr'><strong>hoc</strong></span> <span class='ocrx_word' id='word_1_244' title='bbox 831 2942 950 3008; x_wconf 77' lang='lat' dir='ltr'><strong>genere</strong></span> <span class='ocrx_word' id='word_1_245' title='bbox 977 2921 1150 2987; x_wconf 87' lang='lat' dir='ltr'><strong>tollendus.</strong></span> 
     </span>
     <span class='ocr_line' id='line_1_32' title="bbox 140 3007 1150 3094; baseline -0.001 -18"><span class='ocrx_word' id='word_1_246' title='bbox 140 3010 225 3087; x_wconf 77' lang='lat' dir='ltr'><strong>Quid</strong></span> <span class='ocrx_word' id='word_1_247' title='bbox 247 3009 334 3075; x_wconf 90' lang='lat' dir='ltr'><strong>enim</strong></span> <span class='ocrx_word' id='word_1_248' title='bbox 351 3009 434 3075; x_wconf 85' lang='lat' dir='ltr'><strong>scire</strong></span> <span class='ocrx_word' id='word_1_249' title='bbox 449 3007 581 3074; x_wconf 80' lang='lat' dir='ltr'><strong>Etrusci</strong></span> <span class='ocrx_word' id='word_1_250' title='bbox 597 3008 786 3094; x_wconf 84' lang='lat' dir='ltr'><strong>haruspices</strong></span> <span class='ocrx_word' id='word_1_251' title='bbox 805 3013 862 3075; x_wconf 86' lang='lat' dir='ltr'><strong>aut</strong></span> <span class='ocrx_word' id='word_1_252' title='bbox 880 3008 919 3074; x_wconf 89' lang='lat' dir='ltr'><strong>de</strong></span> <span class='ocrx_word' id='word_1_253' title='bbox 938 3009 1150 3076; x_wconf 90' lang='lat' dir='ltr'><strong>tabernaculo</strong></span> 
     </span>
     <span class='ocr_line' id='line_1_33' title="bbox 139 3096 1150 3184; baseline 0.001 -20"><span class='ocrx_word' id='word_1_254' title='bbox 139 3102 227 3164; x_wconf 92' lang='lat' dir='ltr'><strong>recte</strong></span> <span class='ocrx_word' id='word_1_255' title='bbox 250 3101 346 3183; x_wconf 84' lang='lat' dir='ltr'><strong>capto</strong></span> <span class='ocrx_word' id='word_1_256' title='bbox 370 3100 428 3162; x_wconf 89' lang='lat' dir='ltr'><strong>aut</strong></span> <span class='ocrx_word' id='word_1_257' title='bbox 451 3097 489 3162; x_wconf 87' lang='lat' dir='ltr'><strong>de</strong></span> <span class='ocrx_word' id='word_1_258' title='bbox 512 3097 649 3182; x_wconf 87' lang='lat' dir='ltr'><strong>pomerii</strong></span> <span class='ocrx_word' id='word_1_259' title='bbox 666 3098 736 3163; x_wconf 89' lang='lat' dir='ltr'><strong>iure</strong></span> <span class='ocrx_word' id='word_1_260' title='bbox 754 3098 953 3184; x_wconf 81' lang='lat' dir='ltr'><strong>potuerunt?</strong></span> <span class='ocrx_word' id='word_1_261' title='bbox 988 3096 1150 3183; x_wconf 80' lang='lat' dir='ltr'><strong>Equidem</strong></span> 
     </span>
     <span class='ocr_line' id='line_1_34' title="bbox 140 3184 1151 3274; baseline 0.002 -22"><span class='ocrx_word' id='word_1_262' title='bbox 140 3186 305 3252; x_wconf 84' lang='lat' dir='ltr'><strong>adsentior</strong></span> <span class='ocrx_word' id='word_1_263' title='bbox 329 3184 363 3252; x_wconf 84' lang='grc' dir='ltr'><strong>Ο.</strong></span> <span class='ocrx_word' id='word_1_264' title='bbox 385 3184 541 3250; x_wconf 90' lang='lat' dir='ltr'><strong>Marcello</strong></span> <span class='ocrx_word' id='word_1_265' title='bbox 563 3184 673 3270; x_wconf 91' lang='lat' dir='ltr'><strong>potius</strong></span> <span class='ocrx_word' id='word_1_266' title='bbox 696 3207 794 3270; x_wconf 90' lang='lat' dir='ltr'><strong>quam</strong></span> <span class='ocrx_word' id='word_1_267' title='bbox 816 3186 901 3273; x_wconf 88' lang='lat' dir='ltr'><strong>App.</strong></span> <span class='ocrx_word' id='word_1_268' title='bbox 923 3184 1071 3272; x_wconf 70' lang='lat' dir='ltr'><strong>Claudio,</strong></span> <span class='ocrx_word' id='word_1_269' title='bbox 1094 3196 1151 3274; x_wconf 82' lang='lat' dir='ltr'><strong>qul</strong></span> 
     </span>
     <span class='ocr_line' id='line_1_35' title="bbox 140 3271 1150 3363; baseline 0.001 -23"><span class='ocrx_word' id='word_1_270' title='bbox 140 3274 237 3342; x_wconf 86' lang='lat' dir='ltr'><strong>ambo</strong></span> <span class='ocrx_word' id='word_1_271' title='bbox 260 3273 325 3340; x_wconf 89' lang='lat' dir='ltr'><strong>mei</strong></span> <span class='ocrx_word' id='word_1_272' title='bbox 347 3274 493 3361; x_wconf 80' lang='lat' dir='ltr'><strong>collegae</strong></span> <span class='ocrx_word' id='word_1_273' title='bbox 515 3271 657 3358; x_wconf 82' lang='lat' dir='ltr'><strong>fuerunt,</strong></span> <span class='ocrx_word' id='word_1_274' title='bbox 680 3274 892 3362; x_wconf 85' lang='lat' dir='ltr'><strong>existimoque</strong></span> <span class='ocrx_word' id='word_1_275' title='bbox 908 3275 962 3341; x_wconf 89' lang='lat' dir='ltr'><strong>ius</strong></span> <span class='ocrx_word' id='word_1_276' title='bbox 980 3298 1150 3363; x_wconf 77' lang='lat' dir='ltr'><strong>augurum,</strong></span> 
     </span>
     <span class='ocr_line' id='line_1_36' title="bbox 100 3360 1149 3450; baseline 0.006 -27"><span class='ocrx_word' id='word_1_277' title='bbox 100 3378 126 3422; x_wconf 78' lang='lat' dir='ltr'><strong>se</strong></span> <span class='ocrx_word' id='word_1_278' title='bbox 141 3364 204 3428; x_wconf 86' lang='lat' dir='ltr'><strong>etsi</strong></span> <span class='ocrx_word' id='word_1_279' title='bbox 235 3362 443 3429; x_wconf 85' lang='lat' dir='ltr'><strong>divinationis</strong></span> <span class='ocrx_word' id='word_1_280' title='bbox 476 3360 628 3447; x_wconf 89' lang='lat' dir='ltr'><strong>opinione</strong></span> <span class='ocrx_word' id='word_1_281' title='bbox 660 3361 819 3450; x_wconf 89' lang='lat' dir='ltr'><strong>principio</strong></span> <span class='ocrx_word' id='word_1_282' title='bbox 852 3363 1066 3430; x_wconf 86' lang='lat' dir='ltr'><strong>constitutum</strong></span> <span class='ocrx_word' id='word_1_283' title='bbox 1096 3364 1149 3449; x_wconf 87' lang='lat' dir='ltr'><strong>sit,</strong></span> 
     </span>
     <span class='ocr_line' id='line_1_37' title="bbox 139 3449 1149 3538; baseline -0.001 -21"><span class='ocrx_word' id='word_1_284' title='bbox 139 3454 251 3517; x_wconf 84' lang='lat' dir='ltr'><strong>tamen</strong></span> <span class='ocrx_word' id='word_1_285' title='bbox 276 3455 392 3538; x_wconf 86' lang='lat' dir='ltr'><strong>postea</strong></span> <span class='ocrx_word' id='word_1_286' title='bbox 418 3450 467 3518; x_wconf 87' lang='lat' dir='ltr'><strong>rei</strong></span> <span class='ocrx_word' id='word_1_287' title='bbox 493 3449 644 3538; x_wconf 83' lang='lat' dir='ltr'><strong>publicae</strong></span> <span class='ocrx_word' id='word_1_288' title='bbox 670 3468 769 3517; x_wconf 75' lang='lat' dir='ltr'><strong>eausa</strong></span> <span class='ocrx_word' id='word_1_289' title='bbox 791 3456 1018 3518; x_wconf 85' lang='lat' dir='ltr'><strong>conservatum</strong></span> <span class='ocrx_word' id='word_1_290' title='bbox 1040 3474 1079 3518; x_wconf 87' lang='lat' dir='ltr'><strong>ae</strong></span> <span class='ocrx_word' id='word_1_291' title='bbox 1100 3473 1149 3517; x_wconf 88' lang='lat' dir='ltr'><strong>re·</strong></span> 
     </span>
    </p>

    <p class='ocr_par' dir='ltr' id='par_1_6' title="bbox 138 3543 275 3606">
     <span class='ocr_line' id='line_1_38' title="bbox 138 3543 275 3606; baseline 0.007 -1"><span class='ocrx_word' id='word_1_292' title='bbox 138 3543 275 3606; x_wconf 86' lang='lat' dir='ltr'><strong>tentum</strong></span> 
     </span>
    </p>
   </div>
   <div class='ocr_carea' id='block_1_4' title="bbox 0 0 1333 3920">
    <p class='ocr_par' dir='ltr' id='par_1_7' title="bbox 0 0 1333 3920">
     <span class='ocr_line' id='line_1_39' title="bbox 0 0 1333 3920; baseline 0 0"><span class='ocrx_word' id='word_1_293' title='bbox 0 0 1333 3920; x_wconf 95' lang='lat' dir='ltr'><strong> </strong></span> 
     </span>
    </p>
   </div>
  </div>
 </body>
</html>
