2652 3920
412 204 480 259 ms.
498 204 533 260 11.
553 205 629 261 oAP.
649 212 728 262 2-4.
746 211 762 273 a
781 212 873 262 s-rr,
1086 206 1149 271 199

139 353 221 435 dem,
244 351 387 437 inquam,
410 347 538 435 Quinte,
560 352 594 416 et
616 347 724 415 Stoice
747 348 931 417 Stoicorum
954 351 1150 418 sententiam

139 439 322 524 defendisti,
345 439 494 525 quodque
517 459 569 504 me
592 439 731 505 maxime
755 439 904 524 delectat,
926 440 1077 525 plurimis
1094 462 1150 506 no

140 530 218 596 stris
241 528 398 614 exemplis
416 549 495 593 usus
513 548 557 612 ea,
580 531 614 592 et
631 527 672 592 iis
692 526 820 611 quidem
839 528 936 597 claris
956 531 989 594 et
1006 528 1150 595 inlustri·

139 619 209 684 bus.
256 616 437 684 Dicendum
463 619 515 681 est
541 615 623 680 mihi
648 615 751 702 igitur
779 616 820 681 ad
847 638 898 701 ea,
926 638 1008 703 quae
1032 621 1152 683 sunta

110 712 173 773 ete
197 707 297 791 dicta,
321 704 380 771 sed
402 705 463 790 ita,
485 703 569 769 nihil
591 707 629 769 ut
651 704 832 788 adfirmem,
856 727 1010 790 quaeram
1033 706 1152 790 omnia,

140 796 294 862 dubitans
320 794 511 880 plerumque
539 796 574 859 et
599 792 680 867 mihi
706 792 777 879 ipse
804 793 961 865 diffidens,
1007 792 1043 860 Si
1065 795 1152 860 enim

140 883 265 970 aliquid
287 883 368 949 certi
390 882 554 966 haberem,
577 880 664 967 quod
687 881 835 965 dicerem,
858 904 919 970 ego
942 883 1012 968 ipse
1031 883 1152 950 divina·

140 996 223 1058 rem,
246 972 302 1058 qui
325 992 395 1038 esse
419 970 651 1036 divinationem
673 991 768 1057 nego.
812 970 944 1039 Etenim
967 993 1019 1038 me
1042 976 1188 1039 movete

140 1061 233 1147 illud,
256 1060 342 1146 quod
364 1060 400 1125 in
416 1060 532 1146 primis
546 1057 729 1127 Carneades
748 1080 902 1145 quaerere
916 1061 1053 1146 solebat,
1077 1083 1153 1147 qua·

99 1172 291 1216 rotumnam
313 1170 422 1215 rerum
445 1147 603 1214 divinatio
626 1151 726 1231 esset,
753 1169 920 1233 eorumne,
947 1170 1030 1235 quae
1052 1150 1152 1215 sensi·

141 1241 202 1306 bus
225 1238 477 1325 perciperentur.
512 1236 560 1302 At
581 1258 636 1301 eas
655 1236 784 1321 quidem
802 1237 973 1323 cernimus,
995 1239 1153 1324 audimus,

44 1336 47 1337 ’
142 1331 327 1414 gustamus,
357 1325 541 1411 olfacimus,
570 1325 746 1412 tangimus.
791 1323 880 1392 Num
907 1326 986 1412 quid
1013 1349 1092 1415 ergo
1118 1328 1154 1394 in

141 1418 193 1483 his
216 1416 314 1482 rebus
338 1419 398 1499 est,
422 1414 510 1499 qnod
531 1413 718 1501 provisione
737 1418 795 1480 aut
812 1416 1016 1500 permotione
1034 1416 1153 1485 mentis

143 1506 249 1593 magis
277 1526 376 1589 quam
397 1507 518 1569 natura
539 1503 613 1588 ipsa
635 1502 837 1571 sentiamus?
864 1506 922 1573 ant
943 1526 1022 1571 num
1044 1505 1153 1571 nescio

100 1595 199 1681 requi
221 1594 279 1659 ille
302 1592 444 1676 divinus,
466 1592 496 1657 si
518 1591 621 1657 oculis
644 1595 759 1676 captus
782 1591 835 1676 sit,
857 1596 895 1658 ut
917 1591 1060 1660 Tiresias
1082 1593 1155 1677 fuit,

141 1683 257 1772 possit,
276 1702 358 1768 quae
377 1681 454 1746 alba
467 1680 543 1765 sint,
565 1701 647 1766 quae
661 1681 766 1767 nigra,
784 1680 890 1746 dicere
908 1685 974 1766 aut,
992 1681 1022 1747 si
1039 1682 1155 1748 surdus

142 1774 196 1857 sit,
219 1770 397 1838 varietates
420 1791 537 1835 vocum
560 1772 618 1834 aut
640 1768 754 1835 modos
776 1769 932 1837 noscere?
958 1768 1012 1837 Ad
1029 1770 1155 1837 nullam

142 1862 246 1949 igitur
268 1881 380 1925 earum
402 1880 519 1941 rerum,
543 1879 625 1943 quae
648 1878 745 1927 sensu
764 1857 974 1944 accipiuntur,
997 1858 1155 1926 divinatio

144 1951 326 2018 adhibetur.
371 1946 476 2033 Atqui
501 1968 542 2013 ne
565 1946 599 2011 in
621 1946 662 2011 iis
685 1946 816 2030 quidem
838 1947 949 2031 rebus,
979 1968 1062 2032 quae
1085 1952 1155 2014 erte

103 2058 130 2101 ro
144 2040 342 2122 tractantur,
372 2035 571 2101 divinatione
601 2055 683 2121 opus
710 2039 769 2100 est.
810 2033 942 2103 Etenim
970 2034 1012 2104 ad
1039 2057 1155 2124 aegros

142 2150 209 2197 non
231 2131 324 2193 vates
342 2128 400 2193 aut
416 2124 571 2209 hariolos,
593 2122 651 2190 sed
668 2123 810 2191 medicos
829 2124 971 2190 solemus
989 2123 1157 2210 adducere,

142 2239 202 2285 nec
228 2237 320 2300 vero,
347 2213 404 2300 qui
430 2213 549 2279 fidibus
572 2215 630 2278 aut
652 2212 744 2277 tibiis
765 2212 817 2278 uti
838 2212 967 2297 volunt,
995 2212 1038 2280 ab
1060 2214 1156 2280 harn-

491 2301 872 2456 rnncree
887 2300 997 2457 ne
1014 2303 1156 2461 ers
1176 2406 1209 2455 ω

102 2501 130 2544 se
145 2490 196 2550 est
216 2479 397 2565 disciplina
433 2478 521 2545 Num
539 2499 650 2545 censes
670 2411 1156 2566 eos‚qquiqdivinare'dieuneur,

144 2594 241 2659 posse
264 2567 468 2654 respondere,
491 2567 541 2634 sol
564 2567 709 2634 maiorne
733 2589 831 2653 quam
853 2571 944 2632 terra
963 2567 1069 2634 sitan
1086 2572 1156 2634 tan·

144 2665 213 2745 tus,
240 2661 381 2744 quantus
408 2655 579 2722 videatur?
607 2656 749 2740 lunaque
776 2677 835 2723 suo
863 2656 986 2722 lumine
1011 2678 1054 2723 an
1076 2657 1156 2723 solis

144 2749 280 2815 utatur?
303 2745 363 2828 sol,
382 2745 460 2810 luna
478 2766 575 2829 quem
592 2748 719 2810 motum
736 2744 880 2810 habeat?
899 2766 996 2830 quem
1014 2744 1156 2830 quinque

146 2838 276 2921 stellae,
303 2854 386 2920 quae
413 2854 522 2899 errare
551 2832 722 2900 dicuntur?
754 2830 825 2900 Nec
851 2832 945 2919 haec,
972 2832 1029 2918 qni
1056 2834 1157 2899 divini

103 2927 317 3009 cohabentur,
334 2922 530 3008 profitentur
548 2942 582 2987 se
601 2943 671 2988 esse
691 2921 843 3006 dicturos,
860 2943 919 2988 nec
933 2943 1055 3008 eorum,
1074 2944 1156 3008 quae
1179 2988 1181 2994 .

144 3016 179 3081 in
203 3010 385 3102 geometria
404 3010 638 3095 describuntur,
661 3031 744 3096 quae
762 3032 849 3096 vera,
872 3032 955 3095 quae
972 3010 1058 3077 falsa
1076 3012 1157 3096 sint3

146 3108 222 3170 sunt
246 3102 332 3170 enim
356 3121 395 3165 ea
416 3098 732 3184 mathematicorum,
754 3119 821 3165 non
843 3099 1054 3167 hariolorum.

211 3192 261 3258 De
288 3190 356 3257 illis
384 3210 462 3257 vero
489 3187 600 3273 rebus,
628 3210 710 3273 quae
737 3186 773 3252 in
793 3187 1005 3275 philosophia
1027 3196 1197 3259 versae-4

145 3286 213 3366 tur,
235 3303 314 3349 num
337 3277 496 3366 quidest,
519 3276 606 3362 quod
628 3277 801 3363 quisquam
824 3275 1007 3344 divinorum
1030 3282 1088 3344 aut
1109 3299 1157 3344 re·

104 3383 131 3426 ω
146 3369 304 3456 spondere
336 3369 442 3435 soleat
474 3368 532 3435 aut
563 3366 702 3451 consuli,
734 3365 813 3452 qnid
838 3367 961 3433 bonum
988 3365 1047 3450 sit,
1080 3365 1157 3451 quid

146 3459 279 3542 malum,
301 3457 379 3543 quid
400 3454 574 3523 neutrum?
597 3458 674 3520 sunt
696 3455 783 3521 enim
801 3453 882 3523 haec
899 3454 1034 3541 propria
1050 3454 1156 3541 philo-

147 3548 333 3634 sophorum.
365 3545 470 3624 Quid?
494 3546 534 3613 de
552 3542 660 3611 officio
678 3565 757 3610 num
776 3544 849 3629 quis
864 3542 1070 3627 haruspicem
1085 3564 1157 3608 con·
1176 3554 1208 3603 ιι
1315 3548 1316 3635 j
