2654 3912
159 209 226 271 444
556 209 605 262 DE
624 209 778 266 LEGIBUS

161 376 200 419 ea
221 354 396 418 infundunt
418 354 453 419 in
475 355 652 437 civitatem,
675 376 779 440 neque
802 352 909 420 solum
932 357 1061 437 obsunt,
1085 354 1171 439 quod

160 443 225 527 ipsi
248 447 507 528 corrumpuntur,
530 445 586 509 sed
609 444 709 508 etiam
733 443 818 527 quod
841 446 1062 529 corrumpunt,
1083 443 1171 527 plus·

162 552 223 614 que
251 532 398 615 exemplo
427 553 525 614 quam
552 535 684 617 peccato
712 535 838 597 nocent.
883 533 992 617 Atque
1015 532 1095 596 haec
1119 531 1171 595 lex

163 620 302 684 dilatata
328 620 363 684 in
389 619 534 685 ordinem
562 624 712 686 cunctum
740 622 949 706 coangustari
977 621 1077 685 etiam
1099 624 1172 704 pot-

164 711 228 790 est,
245 708 341 791 pauci
360 708 446 772 enim
464 712 563 793 atque
581 708 755 774 admodum
772 709 867 794 pauci
881 709 1003 774 honore
1018 712 1051 773 et
1065 709 1202 795 glorias

165 796 355 880 amplificati
381 796 434 860 rel
461 818 666 882 corrumpere
694 818 800 862 mores
829 797 972 862 civitatis
1000 797 1051 861 vel
1075 797 1171 861 corri-

163 906 239 970 gere
261 888 408 968 possunt.
444 881 507 949 Sed
529 885 609 950 haec
632 889 665 950 et
684 907 770 951 nunc
788 886 869 949 satis
888 889 922 950 et
940 887 975 949 in
992 885 1059 949 illis
1078 884 1171 948 libris

114 976 307 1090 15tractata
329 976 405 1037 sunt
428 972 626 1059 diligentius.
663 972 768 1048 Quare
792 974 833 1038 ad
851 974 977 1058 reliqua
994 974 1172 1038 veniamus

110 1108 144 1154 33
229 1061 418 1126 Proximum
437 1066 545 1126 autem
565 1066 615 1126 est
634 1063 672 1126 de
692 1062 865 1148 suffragiis,
883 1084 965 1146 quae
982 1063 1078 1127 iubeo
1091 1065 1172 1126 nota

163 1171 234 1214 esse
262 1149 490 1234 optimatibus,
520 1151 641 1235 populo
665 1151 777 1216 libera.
814 1154 889 1216 Arr.
913 1149 966 1215 Ita
988 1150 1171 1215 mehercule
1187 1169 1215 1206 ιο

163 1237 288 1302 attendi
305 1259 365 1303 neo
383 1238 463 1303 satis
482 1238 637 1321 intellexi,
656 1239 734 1321 quid
752 1239 816 1303 sibi
834 1240 886 1303 lex
905 1244 962 1303 aut
982 1240 1057 1323 quid
1071 1238 1172 1306 verba
1316 1238 1317 1241 ’

162 1327 228 1391 ista
250 1326 381 1391 vellent.
421 1327 470 1392 M.
492 1326 617 1412 Dicam,
640 1327 722 1410 Tite,
745 1333 778 1391 et
800 1328 955 1392 versabor
977 1328 1011 1390 in
1034 1349 1069 1392 re
1090 1326 1172 1390 diffi-

163 1415 218 1481 cili
246 1437 284 1480 ac
306 1416 447 1480 multum
470 1419 504 1480 et
527 1438 623 1500 saepe
647 1416 807 1500 quaesita,
835 1416 991 1501 suffragia
1013 1415 1048 1479 in
1070 1416 1171 1500 magi·

163 1508 270 1568 stratu
298 1503 481 1569 mandando
505 1526 543 1569 ac
565 1504 604 1568 de
626 1526 681 1568 reo
705 1504 875 1568 iudicando
898 1506 1114 1587 scisceadoque
1137 1504 1172 1566 iu

163 1593 236 1679 lege
259 1595 317 1657 aut
339 1593 509 1678 rogatione
532 1593 616 1657 olam
640 1615 682 1656 an
705 1593 815 1677 palam
836 1592 915 1657 ferri
938 1593 1053 1656 melius
1077 1596 1172 1656 esset.
1187 1608 1215 1648 1⁵

165 1681 200 1760 Q.
223 1679 277 1745 An
304 1681 403 1745 etiam
429 1680 464 1745 id
487 1681 620 1745 dubium
644 1681 715 1745 est?
743 1702 869 1761 vereor,
896 1702 936 1744 ne
960 1704 980 1745 a
1003 1684 1036 1746 te
1059 1702 1186 1745 rursus·

164 1769 364 1834 dissentiam.
395 1770 445 1835 M.
467 1767 544 1834 Non
566 1769 674 1852 facies,
697 1767 823 1845 Quinte.
860 1767 946 1833 Nam
970 1790 1030 1855 ego
1054 1769 1088 1832 iu
1106 1770 1172 1833 ista

165 1880 236 1923 sum
269 1857 444 1940 sententia,
477 1879 541 1940 qua
567 1862 600 1922 te
631 1857 732 1922 fuisse
760 1879 887 1942 semper
915 1858 995 1941 scio,
1024 1857 1107 1921 nihil
1134 1861 1172 1921 ut

164 1946 263 2011 fuerit
293 1947 328 2010 in
356 1946 519 2032 suffragiis
547 1968 624 2011 voce
654 1946 784 2028 melius3
816 1947 873 2010 sed
901 1945 1043 2011 obtineri
1069 1967 1107 2010 aa
1136 1967 1172 2010 ea

112 2051 146 2098 34
164 2036 381 2120 nonpossint,
403 2035 576 2100 videndum
595 2038 653 2099 est.
692 2035 725 2114 Q.
744 2035 856 2118 Atqui,
879 2033 989 2117 frater,
1009 2034 1097 2099 bona
1114 2039 1172 2098 tua
1186 2051 1214 2091 ω

164 2123 259 2188 venia
286 2123 437 2205 dixerim,
463 2123 529 2187 ista
555 2123 718 2188 sententia
745 2124 883 2188 maxime
906 2127 940 2187 et
961 2122 1050 2187 fallit
1072 2123 1171 2206 impe·

163 2212 246 2276 ritos
274 2215 308 2276 et
335 2211 430 2275 obest
457 2210 644 2295 saepissime
666 2212 714 2276 rei
736 2211 898 2296 publicae,
926 2233 1025 2294 quom
1048 2211 1171 2294 aliquid

163 2321 276 2364 verum
300 2302 333 2363 et
355 2303 479 2364 rectum
503 2320 572 2362 esse
596 2299 722 2382 dicitur,
745 2300 801 2363 sed
825 2299 973 2383 obtineri,
996 2299 1029 2363 id
1048 2305 1098 2363 est
1117 2299 1171 2364 ob·

164 2388 239 2452 sisti
259 2408 356 2474 posse
379 2387 510 2472 populo,
532 2392 680 2473 negatur.
716 2386 862 2452 Primum
885 2388 971 2453 enim
990 2388 1170 2470 obsistitur,

165 2498 263 2561 quom
287 2476 397 2561 agitur
420 2496 538 2558 severe,
562 2475 675 2540 deinde
698 2476 732 2541 vi
755 2477 895 2561 opprimi
917 2477 951 2540 in
970 2477 1056 2541 bona
1074 2498 1170 2541 causa
1184 2493 1213 2533 2⁶
1316 2540 1317 2547 ,

164 2569 215 2630 est
234 2565 350 2630 melius
369 2586 467 2649 quam
485 2564 591 2628 malae
610 2565 730 2629 cedere.
763 2563 840 2640 Quis
860 2570 968 2630 autem
986 2587 1053 2630 non
1072 2566 1171 2630 sentit

165 2676 294 2720 omnem
326 2654 555 2719 auctoritatem
586 2653 794 2738 optimatium
826 2653 1034 2718 tabellariam
1066 2654 1171 2739 legem

165 2742 363 2807 abstulisse?
386 2764 485 2826 quam
507 2742 647 2827 populus
670 2742 754 2807 liber
771 2764 949 2826 numquam
968 2741 1171 2824 desideravit,

164 2831 249 2895 idem
278 2852 452 2916 oppressus
480 2829 648 2895 dominatu
676 2852 714 2895 ae
740 2830 889 2916 potentia
912 2829 1093 2916 principum
1116 2831 1171 2894 fla-

165 2920 292 3005 gitavit.
337 2917 452 3002 Itaque
480 2919 633 3005 graviora
655 2919 773 2984 iudicia
796 2920 834 2984 de
856 2918 1092 3004 potentissimis
1115 2918 1171 2983 ho·
1185 2934 1213 2973 ³⁰

165 3008 306 3072 minibus
334 3011 447 3071 extant
473 3007 562 3073 vocis
590 3029 687 3091 quam
714 3008 864 3073 tabellae.
910 3006 1170 3083 Quamobrem

165 3095 365 3182 suffragandi
386 3095 488 3160 nimia
510 3096 611 3161 libido
632 3096 667 3160 in
684 3119 751 3161 nou
768 3097 862 3162 bonis
882 3096 987 3162 causis
1007 3095 1171 3180 eripienda

163 3185 227 3249 fuit
249 3183 447 3270 potentibus,
469 3206 536 3249 non
558 3184 685 3249 latebra
704 3184 810 3249 danda
827 3187 958 3270 populo,
981 3185 1016 3248 in
1034 3206 1098 3269 qua
1116 3185 1171 3248 bo·

163 3274 215 3339 nis
238 3272 479 3358 ignorantibus,
503 3273 580 3356 quid
604 3273 738 3358 quisque
762 3275 909 3356 sentiret,
931 3272 1055 3338 tabella
1077 3272 1170 3337 vitio-

165 3384 237 3426 sum
265 3363 443 3426 occultaret
470 3361 669 3447 suffragium.
710 3360 825 3447 Itaque
853 3363 910 3427 isti
932 3361 1095 3448 rogationi
1117 3382 1171 3423 ne-
1186 3375 1211 3414 ³⁵

164 3471 227 3534 que
249 3450 336 3514 lator
359 3449 530 3533 quisquam
554 3453 604 3513 est
626 3450 777 3514 inventus
799 3471 858 3516 neo
881 3455 994 3516 auctor
1016 3471 1171 3532 umquam

116 3525 279 3648 lfbonus.
315 3534 398 3601 Sunt
420 3537 505 3602 enim
529 3542 684 3622 quattuor
702 3539 792 3624 leges
810 3539 1010 3616 tabellariae,
1034 3559 1169 3621 quarum
