2654 3924
198 211 263 276 268
619 211 667 265 DE
686 209 781 265 FATO

197 360 269 439 cst,
315 354 556 421 extrinsecus
596 356 722 442 pulsa,
763 355 862 440 quod
903 355 1095 440 reliquum
1135 369 1208 434 est,

197 448 335 529 suapte
357 444 395 509 vi
418 448 457 509 et
477 448 619 509 natura
641 443 870 510 movebitur.
907 443 1053 521 Quodsi
1075 445 1207 528 aliqua

196 553 258 598 res
282 531 511 598 efficeretur
533 533 615 597 sine
638 552 753 598 causa
776 533 1042 617 antecedente,
1064 532 1206 598 falsum

198 624 302 686 esset
326 621 453 687 omnia
474 621 558 686 fato
580 619 688 705 fieri3
711 620 772 685 sin
790 620 984 706 omnibus,
1008 642 1207 706 quaecum-

200 732 270 794 que
297 709 415 794 fiunt,
441 711 523 775 veri
551 709 679 774 simile
707 713 767 774 est
789 731 943 775 causam
966 710 1207 792 antecedere,
1235 734 1247 771 e

200 798 290 882 quid
313 799 461 864 adferri
483 798 647 884 poterit,
675 819 741 864 cur
762 819 838 863 nou
861 798 988 863 omnia
1009 798 1093 863 fato
1116 797 1207 863 fieri

198 886 399 952 fatendum
417 886 492 952 ait?
511 886 620 952 modo
639 886 914 973 intellegetur,
937 908 1032 971 quae
1052 887 1104 952 sit
1123 910 1208 952 cau-

146 989 180 1037 44
199 997 329 1043 sarum
357 974 563 1041 distinctio
594 997 636 1041 ac
665 974 969 1040 dissimilitudo?
1014 975 1104 1041 Haec
1135 998 1208 1041 cum

197 1065 247 1129 ita
269 1064 336 1129 sint
359 1086 379 1129 a
399 1062 582 1149 Chrysippo
606 1063 777 1147 explicata,
800 1064 829 1128 si
850 1063 909 1148 illi,
932 1064 988 1149 qui
1010 1069 1133 1149 negant
1156 1065 1208 1129 ad-

199 1153 365 1218 sensiones
390 1151 461 1217 fato
489 1152 574 1236 fieri,
600 1151 807 1234 'sfateantur
834 1155 945 1217 tamen
972 1174 1026 1217 eas
1049 1175 1115 1218 non
1139 1153 1208 1217 sine
1225 1180 1249 1213 lo

198 1240 269 1307 viso
289 1240 497 1306 antecedente
516 1240 596 1325 fieri,
619 1241 686 1306 alia
703 1240 787 1306 ratio
807 1244 871 1325 est3
894 1240 959 1324 sed,
982 1241 1011 1306 si
1030 1242 1208 1307 concedunt

199 1329 323 1395 anteire
353 1329 434 1413 visa,
462 1351 522 1396 nec
548 1333 659 1395 tamen
685 1327 755 1394 fato
778 1328 850 1393 fieri
872 1329 1093 1414 adsensiones,
1123 1331 1208 1414 qnod

198 1419 347 1505 proxima
376 1418 435 1484 illa
464 1423 498 1484 et
527 1418 695 1484 continens
723 1438 822 1484 causa
847 1439 914 1484 non
940 1422 1072 1483 moveat
1098 1419 1209 1483 adsen-

199 1507 338 1593 sionem,
364 1507 451 1590 vide,
477 1529 518 1572 ne
540 1506 627 1572 idem
650 1507 767 1572 dicant.
809 1503 924 1591 Neque
947 1507 1034 1571 enim
1057 1504 1208 1591 Chrysip-

198 1618 274 1683 pus,
302 1595 478 1662 concedens
502 1595 703 1662 adsensionis
726 1595 909 1680 proximam
932 1598 966 1660 et
988 1595 1208 1660 continentem
1225 1614 1249 1655 u

199 1707 331 1751 causam
363 1705 434 1751 esse
465 1684 500 1748 in
528 1685 599 1749 viso
626 1683 783 1770 positam,
815 1686 945 1769 [neque]
976 1705 1048 1749 eam
1078 1706 1209 1750 causam

199 1795 270 1839 esse
302 1773 343 1839 ad
375 1772 622 1839 adsentiendum
652 1772 869 1838 necessariam
901 1773 1068 1856 concedet,
1096 1776 1149 1855 ut,
1181 1774 1209 1837 si

200 1862 309 1928 omnia
339 1862 409 1928 fato
439 1862 534 1944 fiant,
566 1861 676 1927 omnia
703 1861 809 1926 causis
836 1862 919 1926 fiant
945 1861 1209 1927 antecedentibus

199 1955 232 2017 et
263 1950 469 2035 necessariis;
499 1950 643 2034 itemque
674 1948 739 2033 illi,
772 1949 827 2033 qui
855 1949 897 2014 ab
925 1948 987 2015 hoc
1014 1949 1210 2014 dissentiunt

199 2039 392 2107 confitentes
415 2061 480 2104 non
502 2039 573 2103 fieri
596 2038 802 2103 adsensiones
827 2037 896 2103 sine
919 2039 1146 2123 praecursione
1164 2040 1209 2105 vi·
1225 2060 1252 2098 ao

200 2150 324 2211 sorum,
356 2127 477 2209 dicent,
509 2127 537 2191 si
569 2127 679 2192 omnia
704 2126 774 2192 fato
801 2126 917 2191 fierent
944 2126 1013 2191 eius
1039 2126 1141 2210 modi,
1173 2133 1210 2192 ut

199 2216 281 2281 nihil
300 2217 392 2281 fieret
410 2215 474 2280 nisi
492 2215 737 2301 praegressione
756 2236 880 2297 causae,
903 2215 1121 2281 confitendum
1140 2238 1210 2280 esse

198 2305 269 2370 fato
292 2304 364 2369 fieri
386 2303 508 2387 omnia,
531 2325 570 2368 ex
591 2325 654 2387 quo
672 2302 769 2369 facile
787 2303 956 2369 intellectu
973 2307 1034 2388 est,
1057 2304 1209 2388 quoniam

198 2394 329 2477 utrique
365 2391 532 2478 patefacta
563 2395 661 2476 atque
693 2391 854 2475 explicata
886 2392 1047 2457 sententia
1078 2414 1139 2457 sua
1170 2394 1211 2458 ad

200 2481 337 2547 eundem
360 2481 482 2546 exitum
505 2480 651 2563 veniant,
678 2479 785 2545 verbis
810 2502 879 2565 eos,
900 2502 967 2546 non
989 2502 1023 2546 re
1046 2481 1253 2546 dissiderem

147 2580 181 2629 45
201 2569 405 2655 Omninoque
428 2592 501 2636 cum
523 2570 603 2636 haec
626 2568 671 2634 sit
693 2568 874 2654 distinctio,
901 2573 938 2634 ut
960 2568 1153 2653 quibusdam
1176 2571 1210 2634 in

200 2659 297 2725 rebus
327 2680 402 2725 vere
430 2657 493 2724 dici
519 2657 638 2743 possit,
670 2679 743 2723 cum
770 2657 831 2722 hae
859 2679 975 2723 causae
1003 2662 1211 2745 antegressae

201 2748 276 2833 sint,
299 2769 365 2814 nou
388 2768 458 2813 esse
481 2747 516 2811 in
538 2748 652 2812 nostra
673 2749 847 2831 potestate,
870 2746 948 2831 quin
969 2746 1029 2811 illa
1051 2746 1211 2831 eveniant,

201 2859 339 2923 quorum
371 2856 486 2903 causae
516 2834 652 2918 fuerint,
685 2834 878 2918 quibusdam
910 2838 1019 2900 autem
1051 2835 1084 2900 in
1114 2836 1210 2901 rebus

201 2927 308 2992 causis
332 2923 531 3011 antegressis
553 2923 588 2987 in
610 2926 725 2988 nostra
747 2927 858 2988 tamen
881 2943 951 2988 esse
973 2927 1151 3008 potestate,
1174 2929 1211 2989 ut
1225 2942 1253 2981 ιο

200 3013 283 3078 illud
316 3014 411 3078 aliter
443 3012 584 3096 eveniat,
616 3011 700 3076 hane
732 3011 973 3077 distinctionem
1001 3013 1130 3096 utrique
1158 3013 1211 3078 ad-

201 3102 354 3189 probant,
376 3100 433 3167 sed
452 3099 548 3166 alteri
567 3103 709 3184 censent,
732 3100 849 3185 quibus
867 3100 903 3165 in
919 3099 1027 3185 rebus,
1049 3123 1121 3166 cum
1140 3124 1212 3167 cau·

203 3213 257 3256 sae
276 3189 519 3274 antecesserint,
539 3210 605 3255 non
624 3189 668 3253 sit
686 3188 721 3253 in
738 3192 852 3255 nostra
869 3192 1042 3275 potestate,
1060 3195 1097 3255 ut
1116 3190 1213 3256 aliter

202 3278 262 3344 illa
291 3277 456 3361 eveniant,
488 3298 542 3343 eas
571 3277 643 3342 fato
672 3277 756 3361 fieri3
789 3298 871 3362 quae
901 3281 1011 3343 autem
1037 3278 1073 3343 in
1099 3284 1212 3344 nostra

202 3371 366 3452 potestate
389 3366 465 3451 sint,
488 3365 593 3431 abiis
616 3364 722 3430 fatum
746 3365 874 3431 abesse.
889 3415 897 3431 .
910 3413 941 3432 ..
1227 3383 1255 3424 ae

268 3454 341 3521 Hoc
371 3453 467 3521 modo
496 3453 582 3519 hanc
613 3474 744 3519 causam
773 3452 948 3539 disceptari
975 3458 1119 3539 oportet,
1147 3477 1213 3520 non

149 3511 184 3560 ⁴⁶
203 3544 245 3610 ab
273 3543 392 3609 atomis
420 3543 605 3609 errantibus
632 3545 667 3606 et
694 3539 732 3605 de
759 3541 813 3607 via
840 3540 1076 3607 declinantibus
1103 3547 1214 3628 petere
