2654 3924
46 228 51 235 «
165 204 229 272 aas
481 258 484 274 ,
585 205 635 260 nn
653 205 747 262 suro

165 351 298 416 maximi
325 351 419 417 orbes
447 351 545 417 medii
571 351 657 416 inter
684 372 719 416 se
742 349 954 435 dividuntur’,
984 352 1040 419 sed
1062 352 1172 438 potius

164 439 223 505 illo
246 439 356 506 modo:
379 439 467 506 ‘Non
489 444 523 505 et
546 444 622 506 sunt
644 440 679 505 in
701 439 841 525 sphaera
859 441 993 505 maximi
1012 440 1116 524 orbes,
1139 447 1173 505 et

115 540 146 589 ro
165 529 189 593 ii
210 549 277 594 non
299 528 397 593 medii
414 529 500 594 inter
519 550 554 595 se
572 527 780 594 dividuntur?
817 527 901 605 Quid
920 533 981 613 est,
1003 530 1088 614 quod
1106 551 1173 594 non

164 617 270 702 possit
296 617 361 682 isto
389 617 485 682 modo
512 638 552 682 ex
574 638 695 684 conexo
718 616 889 682 transferri
912 617 953 682 ad
976 617 1172 684 coniunctio·

165 727 243 770 num
264 706 495 792 negationem?
526 705 571 771 Et
594 705 723 790 quidem
746 704 819 770 aliis
844 705 948 770 modis
972 706 1101 772 easdem
1120 721 1200 771 reso

165 792 277 859 efferre
300 815 481 879 possumus.
514 794 614 860 Modo
638 794 716 858 dixi:
740 792 795 860 ‘In
814 793 953 880 sphaera
971 795 1104 860 maximi
1123 816 1179 860 or··

164 883 222 947 bes
254 883 351 947 medii
382 883 468 947 inter
499 903 534 947 se
566 881 777 966 dividuntnr'3
809 904 943 967 possum
970 882 1089 948 dicere:
1122 881 1172 948 ‘si

164 970 200 1035 in
222 971 361 1056 sphaera
378 970 512 1036 maximi
530 971 626 1037 orbes
645 969 760 1054 erunt',
782 993 916 1057 possum
936 971 1053 1037 dicere:
1078 969 1172 1047 ‘Quia

164 1060 199 1123 in
229 1059 367 1144 sphaera
396 1052 529 1124 maximi
552 1060 647 1125 orbes
670 1058 785 1124 erunt'.
824 1058 932 1125 Multa
954 1081 1074 1146 genera
1097 1064 1173 1126 sunt

165 1148 353 1213 enuntiandi
376 1169 434 1213 nec
456 1147 561 1213 ullum
584 1147 753 1213 distortius
778 1169 876 1300 apuam
894 1147 965 1233 hoc,
989 1170 1052 1233 quo
1072 1146 1172 1233 Chry·
1188 1164 1214 1205 ιο

125 1296 146 1360 9
165 1236 277 1322 sippus
292 1240 401 1322 sperat
411 1235 592 1301 Chaldaeos
606 1240 776 1302 contentos
809 1236 969 1302 toicorum
982 1258 1081 1302 causa
1093 1237 1172 1302 fore.

114 1373 146 1423 1⁷
230 1324 368 1390 Illorum
391 1328 501 1389 tamen
523 1346 618 1391 nemo
641 1325 689 1390 ita
711 1325 870 1410 loquitnr;
893 1326 997 1390 maius
1017 1329 1068 1390 est
1085 1325 1171 1391 enirn

165 1413 225 1478 has
252 1414 472 1479 contortiones
495 1413 653 1479 orationis
677 1434 774 1497 quarn
797 1414 966 1500 signorum
989 1417 1081 1479 ortus
1105 1414 1172 1479 obi-

164 1506 281 1586 tusque
299 1502 489 1588 perdiscere.
520 1498 583 1567 Sed
602 1502 643 1567 ad
661 1502 754 1567 illam
767 1501 904 1567 Diodori
922 1503 1171 1586 contentionem,

166 1612 262 1675 quam
293 1587 369 1675 περὶ
395 1591 551 1656 δυνατῶν
578 1590 761 1676 appellant,
791 1593 1006 1674 revertamur,
1034 1591 1069 1655 in
1099 1604 1213 1676 qua,1⁵

165 1678 242 1763 qnid
269 1678 378 1744 valeat
406 1678 453 1764 id,
481 1679 567 1763 quod
589 1679 660 1743 fieri
682 1678 802 1764 possit,
828 1679 1019 1763 anquiritur.
1059 1678 1172 1745 Placet

164 1767 266 1854 igitur
287 1767 432 1833 Diodoro
455 1766 488 1831 id
512 1767 618 1832 solum
641 1766 711 1831 fieri
726 1788 843 1932 posse,
870 1767 956 1853 quod
980 1773 1036 1833 aut
1058 1789 1171 1833 verum

166 1856 209 1921 sit
236 1859 294 1921 aut
319 1878 432 1920 verum
459 1855 605 1920 futurum
633 1855 685 1920 sit.
755 1856 788 1921 ui
816 1856 905 1922 locus
930 1857 1065 1943 attingit
1087 1857 1171 1921 hanc

165 1944 402 2029 quaestionem,
428 1943 511 2009 nihil
534 1944 618 2027 fieri,
646 1944 731 2028 quod
753 1965 820 2010 non
841 1967 971 2011 necesse
994 1945 1106 2029 fuerit,
1129 1950 1171 2027 et,

165 2033 316 2118 quicquid
347 2032 417 2097 fieri
449 2033 568 2118 possit,
600 2032 633 2097 id
665 2038 722 2097 aut
750 2054 821 2098 esse
847 2034 913 2099 ianr
941 2039 998 2099 aut
1024 2033 1169 2100 futurum
1185 2048 1214 2090 n)

164 2143 243 2206 esse,
264 2142 325 2187 nec
347 2121 453 2208 magis
476 2121 668 2187 commutari
691 2143 730 2186 ex
748 2121 833 2186 veris
853 2123 888 2186 in
905 2121 992 2187 falsa
1009 2144 1105 2208 posse
1123 2145 1170 2206 ea,

164 2232 246 2294 quae
268 2209 393 2293 futura,
416 2230 513 2294 quam
536 2231 582 2293 ea,
606 2209 799 2294 quaefacta
822 2214 911 2293 sunt3
939 2211 995 2276 sed
1017 2212 1051 2276 in
1073 2210 1170 2277 factis

163 2298 453 2363 inmutabilitatem
475 2319 644 2384 apparere,
666 2298 701 2362 in
723 2297 842 2363 futuris
866 2299 1071 2383 quibusdam,
1095 2299 1171 2384 quia

163 2409 229 2453 non
256 2390 405 2472 apparet,
431 2409 472 2451 ne
495 2387 600 2451 inesse
624 2387 751 2471 quidem
775 2386 891 2471 videri,
918 2392 956 2452 ut
978 2388 1012 2452 in
1036 2410 1086 2472 eo,
1115 2388 1169 2472 qui

164 2475 332 2541 mortifero
360 2475 474 2542 morbo
501 2479 670 2562 urgeatur,
696 2498 809 2541 verum
837 2476 880 2540 sit
908 2475 986 2542 ‘Hic
1013 2476 1170 2542 morietur
1184 2490 1211 2531 2⁵

163 2564 225 2630 hoc
247 2564 383 2648 morbo',
405 2568 441 2632 at
462 2564 629 2630 hocidem
647 2564 768 2630 sisere
787 2564 912 2630 dicatur
930 2565 965 2629 in
983 2587 1030 2649 eo,
1052 2565 1085 2629 in
1106 2587 1168 2650 quo

163 2655 214 2718 vis
228 2653 334 2719 morbi
348 2657 442 2718 tanta
455 2675 520 2719 non
535 2656 701 2738 appareat,
720 2653 824 2718 nihilo
838 2654 945 2718 minus
957 2653 1103 2718 futurum
1117 2654 1169 2718 sit.

163 2741 216 2807 lta
237 2742 285 2826 fit,
307 2744 345 2805 ut
367 2742 579 2806 commutatio
603 2764 641 2806 ex
661 2762 738 2806 vero
757 2741 928 2806 infulsum
947 2743 1040 2807 nain
1058 2742 1168 2807 futuro

164 2830 293 2914 quidem
315 2830 384 2895 ulla
401 2829 472 2894 fleri
489 2829 603 2915 possit.
639 2828 726 2894 Nam
745 2829 914 2895 ‘Morietur
930 2828 1050 2916 Scipio'
1068 2831 1169 2895 talem

163 2919 229 2983 vim
246 2918 353 3002 habet,
371 2921 417 3002 ut,
431 2939 628 3003 quamquam
643 2917 804 2982 defuturo
819 2918 944 3002 dicitur,
962 2921 1072 2984 tamen
1086 2923 1123 2983 ut
1136 2919 1169 2983 id
1183 2935 1210 2974 ³⁰

163 3028 229 3071 non
242 3007 347 3092 possit
360 3010 546 3072 convertere
560 3006 594 3071 in
607 3005 741 3089 falsum3
755 3006 794 3070 de
808 3005 938 3071 homine
949 3007 1034 3072 enim
1045 3007 1168 3091 dicitur,

33 3144 35 3149 .
113 3106 145 3156 18
164 3095 215 3160 cui
232 3116 362 3160 necesse
380 3098 431 3159 est
448 3095 540 3161 mori.
576 3092 629 3161 Sic
648 3095 676 3159 si
694 3095 866 3160 diceretur:
885 3094 1054 3161 ‘Morietur
1071 3099 1168 3162 noctu

163 3183 197 3248 in
225 3183 372 3249 cubiculo
400 3204 458 3248 suo
486 3183 519 3248 vi
546 3205 720 3270 oppressus
744 3181 873 3269 Scipio',
899 3205 974 3249 vere
997 3184 1168 3268 diceretur3

163 3272 196 3336 id
219 3272 305 3336 enirn
327 3271 398 3336 fore
421 3271 592 3355 diceretur,
621 3271 707 3356 quod
730 3275 816 3337 esset
837 3272 997 3356 futurum3
1023 3271 1168 3338 futurum

164 3364 273 3425 autem
295 3358 395 3424 fuisse
419 3381 531 3443 exeo,
558 3360 634 3444 quia
656 3360 779 3425 factum
802 3364 866 3443 est,
892 3361 1041 3447 intellegi
1064 3361 1167 3426 debet.
1182 3355 1217 3417 ³⁵³

163 3445 232 3513 Nee
259 3447 365 3532 magis
392 3450 463 3512 erat
489 3469 600 3513 verum
629 3447 798 3513 ‘Morietur
820 3446 940 3535 Scipio'
964 3471 1062 3533 quam
1090 3448 1168 3515 ‘Mo-

164 3535 266 3599 rietur
290 3534 349 3599 illo
381 3534 498 3620 modo',
529 3557 588 3601 nec
620 3536 725 3622 magis
757 3557 887 3602 necesse
914 3538 998 3602 mori
1025 3535 1168 3624 Scipioni
