2630 3904
383 211 450 265 als.
468 211 490 265 1.
516 209 595 264 car.
617 216 852 277 5-7511-16.
975 229 976 232 ¹
1107 207 1128 274 9

111 376 182 419 non
214 355 392 420 levissuma
418 354 532 440 dere,
563 360 601 420 ut
628 355 775 439 queritur
797 354 853 420 ille
881 355 936 419 ‘in
962 355 1128 420 civitate

113 444 219 508 fieri·
233 443 411 510 facinora
433 442 655 528 capitalia':

109 639 112 644 ,
182 567 229 632 ab
254 566 375 634 amico
399 572 553 633 amante
576 572 780 653 argentum
809 568 988 653 accipere
1012 589 1133 656 mere·¹

755 655 834 720 trix
855 678 930 721 non
954 657 1052 738 vult,
1128 675 1131 688 ’
1159 717 1162 721 ,

115 798 173 863 sed
195 801 234 863 ut
257 798 375 881 adsint,
397 801 605 884 cognoscant,
626 797 897 883 animadvertant,
920 797 998 882 quid
1020 799 1059 863 de
1081 820 1128 863 re
1149 812 1200 863 14.
1241 852 1244 863 .

88 887 254 972 sligione,
276 885 412 971 pietate,
441 886 629 968 sanctitate,
651 886 870 971 caerimoniis,
892 886 968 971 fide,
991 887 1061 952 iure
1083 887 1129 952 iu·
1164 864 1239 991 ss

44 1034 53 1053 ,
116 973 229 1058 rando,
252 974 330 1059 quid
349 973 388 1039 de
411 973 558 1059 templis,
581 973 724 1040 delubris
747 974 977 1060 sacrificiisque
1000 975 1129 1040 sollem-

116 1063 227 1147 nibus,
255 1062 333 1147 quid
355 1062 394 1128 de
417 1062 498 1148 ipsis
517 1062 684 1148 auspiciis,
702 1063 821 1147 quibus
845 1085 906 1129 nos
928 1086 1128 1149 praesumus,

117 1151 368 1217 existimandum
395 1151 452 1235 sit3
483 1151 565 1217 haec
591 1151 678 1216 enim
705 1153 815 1218 omnia
837 1151 878 1217 ad
904 1152 990 1219 hanc
1015 1151 1055 1218 dc
1078 1152 1128 1218 dis

114 1240 347 1306 inmortalibus
366 1239 590 1324 quaestionem
608 1239 777 1306 referenda
794 1245 879 1306 sunt.
907 1240 1058 1307 Profecto
1072 1263 1128 1307 eos

78 1347 103 1387 ιο
114 1329 217 1414 ipsos,
238 1328 296 1413 qui
317 1350 353 1394 se
375 1327 499 1412 aliquid
521 1328 603 1395 certi
624 1328 745 1395 habere
763 1329 974 1415 arbitrantur,
997 1330 1128 1396 addubi-

114 1422 187 1483 tare
219 1422 316 1503 coget
347 1416 609 1484 doctissimorum
640 1417 809 1483 hominum
842 1417 881 1483 de
910 1440 1063 1484 maxuma
1093 1440 1129 1484 re

114 1509 211 1571 tanta
233 1500 401 1571 dissensio.
446 1504 540 1582 Quod
561 1528 635 1571 cum
659 1527 755 1591 saepe
778 1506 870 1589 alias,
893 1510 965 1571 turn
987 1506 1128 1572 maxime
1149 1520 1181 1572 ro

115 1593 342 1679 animadverti,
364 1616 439 1661 cum
461 1594 547 1679 apud
570 1592 605 1660 O.
628 1593 770 1678 Cottam,
791 1594 988 1660 familiarem
1011 1616 1129 1680 meum,

114 1687 268 1750 accurate
290 1704 368 1748 sane
391 1687 425 1748 et
447 1682 621 1769 diligenter
639 1682 679 1748 de
697 1683 747 1747 dis
769 1683 999 1750 inmortalibus
1022 1683 1129 1769 dispu-

76 1790 101 1831 ιι
114 1776 224 1838 tatum
247 1776 307 1837 est.
337 1769 424 1836 Nam
446 1793 520 1838 cum
537 1770 628 1837 feriis
646 1770 774 1837 Latinis
797 1770 839 1837 ad
861 1794 935 1837 eum
956 1772 1060 1857 ipsius
1079 1794 1129 1839 ro

115 1858 795 2015 thftffittrtvthttssslttt
809 1859 1129 2035 ‘thttttmt

115 2059 214 2122 quem
242 2042 313 2103 tum
335 2036 488 2122 Epicurei
510 2037 634 2122 primas
657 2058 696 2103 ex
721 2038 844 2103 nostris
867 2000 1059 2104 hominibus’
1078 2039 1129 2104 de·

114 2125 276 2191 ferebant.
307 2125 432 2191 Aderat
455 2126 554 2190 etiam
575 2123 612 2201 Q.
625 2125 769 2192 Lucilius
782 2125 916 2212 Balbus,
939 2127 995 2212 qui
1017 2131 1129 2193 tantos

73 2233 102 2274 rc
114 2235 311 2301 progressus
339 2214 483 2280 habebat
509 2214 545 2279 in
571 2211 703 2298 Stoicis,
730 2219 768 2280 ut
795 2237 869 2282 curn
896 2216 1128 2282 excellentibus

114 2303 153 2368 in
171 2325 209 2369 eo
228 2324 346 2389 genere
360 2301 493 2393 Graecis
511 2307 764 2388 compararetur.
793 2302 885 2388 Tum,
908 2308 946 2369 ut
963 2326 1015 2370 me
1029 2303 1129 2371 Cotta

115 2390 214 2476 vidit,
244 2391 483 2477 Peroportune,
514 2391 634 2494 inquit,
661 2392 771 2494 venisp
798 2392 903 2494 oritur
930 2393 1017 2458 enim
1047 2394 1129 2459 mihi

116 2479 883 2654 ttttstatdl‘ffdttttltlfflhlt
899 2487 1129 2655 thtttt.
1148 2541 1182 2671 3,

74 2674 104 2716 rs
118 2655 240 2742 videor,
262 2657 405 2742 inquam,
422 2657 558 2741 venisse,
580 2661 618 2722 ut
636 2656 726 2742 dicis,
742 2662 911 2742 oportune.
943 2657 1024 2723 Tres
1041 2659 1128 2724 enim

117 2746 219 2811 trium
242 2745 487 2831 disciplinarum
513 2745 675 2831 principes
702 2746 908 2812 convenistis.
952 2745 996 2812 Μ.
1019 2751 1129 2813 autem

116 2833 194 2900 Piso
222 2835 252 2899 si
279 2834 420 2920 adesset,
451 2834 573 2900 nullius
600 2834 828 2919 philosophiae
856 2856 967 2900 aarum
991 2834 1129 2920 quidem,

117 2944 202 3008 quae
223 2923 260 2988 in
285 2922 409 2989 honore
432 2927 522 3006 sunt,
544 2927 676 2988 vacaret
698 2922 798 2989 locus.
838 2922 923 2988 Tum
945 2922 1058 2990 Cotta:
1085 2922 1130 3010 Si,

115 3011 233 3096 inquit,
251 3010 335 3077 liber
349 3010 505 3077 Antiochi
522 3010 636 3095 nostri,
659 3011 715 3095 qui
733 3012 775 3077 ab
799 3032 836 3077 eo
859 3033 963 3097 nuper
985 3012 1026 3077 ad
1044 3013 1130 3079 hunc
1162 3018 1166 3053 ⁵

74 3098 259 3167 wBalhum
283 3101 401 3166 missus
424 3103 484 3186 est,
505 3121 584 3165 vera
606 3099 759 3185 loquitur,
781 3100 864 3166 nihil
887 3105 947 3186 est,
969 3100 1055 3186 quod
1079 3101 1130 3166 Pi·

116 3209 245 3275 sonem,
274 3189 471 3255 familiarem
498 3193 604 3273 tuum,
636 3187 811 3274 desideres3
846 3188 1010 3256 Antiocho
1042 3191 1130 3256 enim

115 3276 219 3344 Stoici
241 3299 316 3345 cnm
338 3272 565 3363 Peripateticis
588 3298 623 3342 re
646 3276 813 3344 concinere
834 3277 998 3361 ridentur,
1020 3278 1129 3344 verbis

68 3391 72 3397 ’
115 3368 314 3452 discrepare3
336 3388 400 3452 quo
424 3365 463 3431 de
486 3366 581 3451 libro,
598 3364 711 3450 Balbe,
733 3365 832 3431 velim
854 3367 937 3432 scire
959 3365 1037 3451 quid
1060 3387 1129 3432 sen·

114 3456 191 3521 tias.
217 3454 358 3540 Egone?
386 3454 493 3539 inquit
514 3455 580 3520 ille.
607 3452 711 3520 Miror
732 3453 941 3538 Antiochum,
963 3454 1129 3520 hominem

78 3558 103 3602 a
114 3543 153 3608 in
169 3542 285 3629 primis
304 3549 444 3628 acutum,
461 3564 527 3608 non
545 3542 664 3609 vidisse
677 3542 834 3607 interesse
847 3543 1025 3628 plurimum
1042 3542 1129 3606 inter
