2652 3920
153 194 235 281 248'
497 215 808 271 numuninonn

153 361 244 427 cisse.
283 359 387 426 Video
410 360 632 445 sympathiam
655 359 761 426 visum
784 363 834 425 est
857 359 942 427 enim
965 360 1033 427 tale
1056 360 1160 427 obiec-

152 454 224 515 tum
247 448 433 533 dormienti,
460 453 498 514 ut
519 448 566 532 id,
594 449 679 534 quod
703 449 823 533 evenit,
849 452 986 514 naturae
1008 448 1071 532 vis,
1093 471 1160 513 non

154 537 263 623 opinio
295 536 415 603 erroris
448 537 596 603 effecerit.
640 536 728 613 Quae
760 537 863 623 igitur
893 541 1011 603 natura
1038 537 1160 602 obtulit

153 627 246 692 illam
278 626 418 711 speciem
445 623 616 709 Simonidi,
648 648 668 689 a
699 647 764 710 qna
790 629 956 692 vetaretur
981 625 1159 713 navigare?

154 719 211 781 aut
243 714 320 800 quid
346 717 483 780 naturae
509 714 697 800 copulatum
723 714 840 779 habuit
866 712 1046 780 Alcibiadis
1074 713 1160 799 quod
1188 734 1202 775 s

155 803 308 870 scribitur
325 802 509 868 somnium?
533 801 589 886 qui
605 802 704 888 paulo
723 805 799 868 ante
817 802 985 867 interitum
1004 802 1092 868 visus
1110 806 1161 868 est

153 893 187 958 in
211 890 334 958 somnis
358 889 480 957 amicae
503 912 573 956 esse
592 890 730 955 amictus
749 890 897 956 amiculo.
932 889 966 955 Is
984 913 1058 957 cum
1076 895 1162 956 esset

153 980 317 1067 proiectus
344 979 531 1044 inhumatus
559 978 600 1043 ab
629 978 841 1062 omnibusque
865 978 1011 1044 desertus
1032 978 1161 1063 iaceret,

154 1069 259 1134 amica
286 1088 402 1153 corpus
430 1067 497 1132 eins
520 1067 602 1131 texit
625 1088 683 1132 suo
706 1068 818 1152 pallio.
858 1066 949 1153 Ergo
971 1067 1034 1133 hoo
1056 1066 1162 1133 inerat

153 1157 189 1222 in
215 1157 312 1222 rebus
338 1155 458 1221 futuris
485 1158 519 1221 et
541 1176 655 1221 causas
677 1155 838 1221 naturalis
859 1154 1017 1241 habebat,
1044 1178 1100 1241 an,
1127 1161 1161 1222 et
1175 1178 1201 1217 io

155 1249 193 1311 ut
215 1245 378 1312 videretur
400 1246 434 1309 et
456 1247 493 1308 nt
516 1243 668 1328 eveniret,
691 1265 784 1310 casus
808 1243 936 1310 effecit?

104 1306 156 1434 Β
223 1332 327 1410 Quid?
349 1333 496 1417 ipsorum
516 1331 731 1417 interpretum
750 1332 953 1398 coniecturae
970 1354 1077 1398 nonne
1096 1355 1162 1398 ma-

156 1423 207 1509 gis
230 1421 363 1508 ingenia
384 1420 551 1486 declarant
574 1442 685 1486 eorum
707 1442 804 1505 quam
822 1420 889 1486 vim
907 1441 1162 1505 consensumque

155 1510 313 1577 naturae?
345 1506 467 1575 Cursor
489 1509 530 1573 ad
549 1508 700 1593 Olympia
722 1508 883 1595 proficisci
906 1509 1054 1594 cogitans
1072 1510 1161 1574 visus

157 1602 207 1665 est
229 1599 264 1664 in
286 1597 409 1663 somnis
433 1619 528 1662 curru
547 1597 778 1683 quadrigarum
796 1596 879 1662 vehi.
915 1597 1012 1662 Mane
1030 1597 1072 1663 ed
1090 1621 1162 1664 con·
1177 1618 1203 1660 n

155 1688 308 1753 lectorem
353 1687 401 1751 At
422 1685 491 1750 ille:
516 1684 698 1770 ‘Vinces',
719 1685 838 1770 inquit3
866 1685 920 1750 ‘id
942 1685 1043 1751 enim
1066 1687 1162 1753 cele·

156 1777 254 1841 ritas
283 1773 488 1861 significat
516 1777 554 1838 et
581 1774 639 1838 vis
662 1773 864 1859 equorum?
905 1772 986 1839 Post
1012 1774 1098 1839 idem
1122 1775 1162 1840 ad

157 1864 403 1949 Antiphontem.
434 1860 467 1927 Is
486 1865 608 1927 autem:
632 1860 839 1946 ‘Vinoare',
857 1861 971 1947 inquit,
988 1862 1162 1930 “necesse

157 1957 232 2037 est3
259 1974 306 2018 an
327 1973 403 2016 non
424 1950 629 2037 intellegis
653 1954 839 2033 quattuor
861 1955 950 2016 onte
972 1954 1011 2016 te
1033 1973 1163 2018 cucur·

157 2039 295 2108 risse‘l'
334 2039 418 2105 Ecce
445 2039 527 2104 alius
556 2060 667 2104 cursor
690 2037 800 2123 (atque
822 2039 939 2105 horum
963 2039 1162 2106 somniorum
1177 2058 1205 2100 so

158 2134 191 2195 et
207 2128 325 2194 talium
343 2128 458 2213 plenus
476 2131 527 2192 est
545 2126 720 2212 Chrysippi
736 2127 828 2212 liber,
850 2128 965 2213 plenus
979 2127 1162 2215 Antipatri)

157 2255 200 2267 -
216 2217 271 2283 sed
290 2217 331 2281 ad
350 2237 512 2281 cursorem
526 2215 635 2280 redeo:
653 2216 706 2280 Ad
719 2216 930 2301 interpretem
944 2217 1062 2281 detulit
1076 2216 1164 2301 aqui·

157 2308 225 2372 lam
252 2327 286 2370 se
315 2305 351 2369 in
378 2303 499 2370 somnis
522 2304 628 2369 visum
651 2326 721 2369 esse
743 2303 876 2369 lactum.
916 2303 963 2369 At
985 2305 1055 2370 ille:
1084 2305 1163 2370 ‘Vi-

158 2393 263 2478 cisti,
289 2393 368 2458 ista
395 2392 495 2457 enim
522 2392 585 2458 avi
612 2393 721 2457 volat
742 2392 854 2458 nulla
875 2391 1162 2459 vehementius?

157 2482 242 2548 Huic
278 2481 382 2547 eidem
417 2480 578 2565 Antipho:
619 2479 782 2565 ‘Baro',
817 2481 936 2566 inquit,
974 2480 1204 2548 ‘victumis

158 2576 195 2637 te
228 2592 314 2637 esse
346 2591 422 2635 non
453 2568 582 2635 vides?
618 2569 698 2635 ista
724 2569 823 2635 enim
851 2570 934 2635 avis
965 2569 1163 2636 insectans

158 2660 259 2726 alias
296 2657 379 2726 avis
415 2661 453 2723 et
484 2657 640 2744 agitans
673 2678 821 2744 semper
851 2657 937 2743 ipsa
967 2662 1164 2743 postrema

108 2760 157 2811 uo
172 2748 256 2814 est’.
291 2745 411 2812 Parere
434 2746 592 2831 quaedam
610 2750 761 2811 matrona
783 2746 914 2832 cupiens
934 2746 1094 2831 dubitans,
1118 2769 1164 2812 es·

159 2842 249 2903 setne
267 2856 345 2923 prae
392 2855 460 2917 ans,
482 2834 554 2900 visa
571 2838 622 2899 est
639 2835 674 2899 in
693 2834 799 2919 quiete
818 2834 1025 2921 obsignatam
1043 2836 1163 2902 habere

157 2929 318 2991 naturam.
385 2923 505 2988 ettulit.
540 2922 683 3007 Negavit
706 2944 790 3007 eam,
814 2923 967 3006 quoniam
991 2923 1165 3012 obsignato
1178 2942 1205 2985 sc

158 3013 286 3094 fuisset,
325 3011 492 3096 concipere
527 3011 682 3096 potuisse.
733 3009 780 3075 At
815 3011 899 3076 alter
930 3034 1008 3096 prae
1055 3016 1165 3078 antem

159 3123 230 3167 esse
249 3100 343 3184 dixit,
365 3122 442 3165 nam
459 3098 555 3164 inane
574 3098 742 3186 obsignari
759 3099 842 3164 nihil
861 3100 973 3165 solere.
1010 3033 1098 3176 {Idae
1114 3104 1165 3165 est

159 3211 212 3256 ars
240 3187 432 3255 coniectoris
460 3186 620 3252 eludentis
649 3187 802 3273 ingenio?
830 3210 872 3254 an
899 3210 950 3270 ea,
981 3209 1062 3272 quae
1091 3188 1165 3273 dixi,

159 3280 193 3343 et
219 3275 482 3359 innumerabilia,
514 3298 596 3360 quae
624 3276 769 3342 conlecta
795 3275 918 3341 habent
940 3273 1053 3360 Stoici,
1080 3278 1166 3362 quio·

159 3386 257 3450 quam
287 3363 473 3449 significant
498 3363 563 3428 nisi
590 3385 724 3429 acumen
750 3363 918 3429 hominum
946 3386 985 3428 ex
1017 3364 1166 3430 similitu·
1179 3380 1206 3425 ao

160 3453 234 3517 dine
266 3450 376 3534 eliqua
407 3450 624 3516 coniecturam
651 3451 748 3516 modo
774 3451 850 3535 huc,
880 3450 976 3517 modo
1005 3453 1084 3519 illuc
1111 3455 1166 3518 du·

159 3539 323 3605 centium?
360 3537 476 3603 Medici
506 3538 602 3625 signa
628 3538 785 3621 quaedam
808 3538 932 3604 habent
959 3562 997 3604 ex
1020 3541 1111 3607 venis
1134 3546 1167 3607 et
