2654 3924
424 223 492 278 ΜΒ.
510 224 532 280 1.
556 223 632 279 CAP.
651 232 748 280 8-11.
767 231 782 291 s
802 232 914 280 13-17.
1108 222 1174 290 279

163 367 232 433 eius
265 367 353 433 modi
382 389 493 433 curam
523 367 710 452 deposuerit
737 391 851 454 eaque,
881 361 962 453 quae
990 370 1174 436 denatura

164 460 408 539 quaererentur,
437 459 493 521 aut
516 456 654 540 maiora,
683 479 780 540 quam
802 457 970 523 hominum
993 459 1086 542 ratio,
1101 481 1173 524 con·
1206 404 1223 593 b

164 545 255 628 sequi
282 547 408 629 posset,
434 548 494 630 aut
520 544 604 609 nihil
631 542 771 631 omlnino
801 546 842 610 ad
868 546 972 611 vitam
998 546 1055 611 ho·
1078 549 1117 628 [p.
1138 565 1171 613 37

163 632 287 697 minum
315 632 460 698 adtinere
484 632 609 698 dnerit:
650 632 734 698 Dein
757 633 900 699 Tubero:
927 633 1059 720 Nescio,
1086 635 1173 700 Afri·
1193 595 1229 766 cd

135 735 250 805 ecana,
269 742 326 786 cnr
343 721 392 786 ita
410 721 584 786 memoriae
603 721 768 807 proditum
788 723 841 805 sit,
859 719 1025 788 Socratem
1044 744 1172 789 ornnem
1226 767 1229 791 .

163 809 262 874 istam
294 809 548 894 disputationem
578 810 726 876 reiecisse
758 815 791 876 ct
821 815 950 876 tantum
978 810 1017 876 de
1043 812 1113 878 vita
1140 816 1173 877 et
1226 794 1229 895 i

163 897 202 962 de
224 898 370 963 moribus
394 898 527 963 solitum
551 918 621 963 esse
641 918 803 983 quaerere.
839 898 942 976 Quem
961 900 1046 965 anim
1066 904 1173 966 aucto·
1220 900 1228 975 l

162 1008 231 1051 rem
255 985 294 1051 de
316 986 376 1051 illo
399 986 647 1072 locupletiorem
664 986 803 1053 Platone
826 988 959 1053 laudare
977 990 1172 1074 possumus?
1216 996 1221 1077 ξ

161 1074 254 1140 cuius
281 1074 316 1139 in
342 1074 436 1140 libris
464 1075 577 1140 multis
600 1075 680 1141 locis
703 1076 751 1141 ita
774 1076 919 1160 loquitur
942 1072 1106 1160 Socrates,
1135 1081 1172 1143 ut
1213 1082 1218 1169 ,¹

125 1179 149 1219 10
164 1162 277 1247 etiam,
300 1184 374 1229 cum
397 1163 435 1228 de
458 1164 617 1248 moribus,
641 1164 680 1229 de
703 1165 892 1249 virtutibus,
916 1164 1051 1249 denique
1075 1166 1114 1231 de
1137 1186 1172 1231 re
1211 1178 1215 1191 ’

161 1251 293 1336 publica
312 1251 464 1337 disputet,
486 1249 647 1338 numelros
666 1255 776 1317 tamen
795 1256 828 1318 et
847 1255 1060 1340 geometriam
1082 1256 1122 1336 [p.
1137 1270 1172 1320 34

162 1342 196 1404 et
226 1339 432 1405 harmoniam
460 1340 590 1406 studeat
616 1339 824 1426 Pythagoraa
851 1363 941 1407 more
969 1343 1172 1428 coniungere.

162 1427 245 1493 Tum
264 1426 385 1513 Scipio:
408 1426 491 1494 Sunt
512 1428 586 1513 ista,
609 1432 647 1493 ut
669 1429 763 1513 dicis3
786 1429 842 1494 sed
865 1429 993 1495 audisse
1015 1433 1050 1495 te
1068 1431 1172 1514 credo,

163 1516 301 1600 Tubero,
323 1516 495 1582 Platonem
518 1514 651 1582 Socrate
674 1521 804 1582 mortuo
826 1518 968 1603 primum
989 1517 1026 1582 in
1043 1517 1172 1604 Aegyp·
1190 1578 1194 1617 Ξ

124 1621 149 1660 1⁵
163 1609 234 1670 tum
266 1604 408 1670 discendi
439 1625 551 1689 causa,
582 1609 659 1690 post
684 1606 718 1670 in
745 1604 878 1671 Italiam
905 1610 939 1671 et
965 1606 1000 1670 in
1027 1604 1194 1689 Siciliam}

162 1692 379 1778 contendisse,
405 1697 443 1758 ut
464 1690 673 1779 Pythagorae
695 1693 828 1759 inventa
850 1694 1059 1779 perdisceret,
1087 1694 1194 1775 eum-i¹

165 1802 226 1866 qua
250 1784 379 1848 etcum
402 1781 549 1866 Archyta
571 1781 747 1846 Tarentino
770 1785 803 1847 et
826 1796 898 1848 cum
916 1781 1049 1847 Timaeo
1067 1774 1190 1879 Locros

162 1869 302 1936 multum
318 1869 420 1935 fuisse
437 1874 471 1935 ct
483 1869 632 1935 Philoleo
650 1871 900 1936 commentarios
921 1891 991 1936 esse
1008 1875 1171 1954 nanctum,
1190 1912 1197 1945 κ,
1239 1905 1242 1911 ·

163 1980 299 2043 cumque
330 1979 378 2025 co·
399 1954 555 2045 tempolre
582 1958 685 2024 iniis
713 1958 793 2024 locis
820 1958 1031 2045 Pythagorae
1059 1960 1099 2040 [p.
1119 1975 1170 2026 aaa
1197 2002 1200 2039 ᾖ

121 2062 280 2113 unomen
302 2047 444 2133 vigeret,
458 2046 553 2112 illum
576 2067 610 2111 se
633 2051 667 2112 ct
689 2046 875 2112 hominibus
897 2046 1114 2133 Pythagoreis
1137 2052 1171 2112 et

162 2135 278 2201 studiis
292 2134 363 2200 illis
376 2135 510 2200 dedisse.
538 2134 655 2220 Itaque
669 2156 743 2200 cum
756 2133 924 2201 Socratem
937 2135 1029 2201 unice
1044 2135 1171 2200 dilexis·
1205 2208 1209 2223 Ι

162 2228 212 2289 set
230 2223 323 2307 cique
341 2223 451 2290 omnia
463 2223 608 2289 tribuere
625 2222 793 2308 voluisset,
811 2222 956 2310 leporem
970 2221 1170 2290 Socraticum

161 2312 442 2396 subtilitatemque
466 2311 624 2377 sermonis
646 2333 721 2378 cum
744 2312 942 2377 obscuritate
962 2308 1170 2398 Pythagorae
1217 2265 1264 2414 J

162 2404 290 2467 etcum
312 2400 372 2474 illa
394 2399 608 2485 plurimarum
632 2400 751 2465 artium
775 2400 938 2486 gravitate
960 2400 1134 2466 contexuit.
1181 2452 1220 2514 ll
1296 2475 1319 2491 ..

121 2504 147 2544 2⁶
226 2487 317 2554 Haec
331 2485 438 2573 Scipio
453 2508 527 2554 curn
541 2488 683 2571 dixisset,
701 2487 736 2553 L.
750 2487 884 2554 Furium
897 2492 1030 2574 repente
1043 2489 1170 2554 venien·
1189 2529 1222 2578 1⁷
1235 2480 1313 2567 W,

162 2581 230 2641 tem
243 2576 379 2661 aspexit,
397 2596 534 2660 eumque
546 2580 585 2641 ut
598 2561 976 2661 salutaritsamicissime
987 2574 992 2665 1
1004 2576 1056 2642 ad·
1071 2578 1170 2658 [paee
1184 2582 1312 2691 sam-b

161 2663 334 2748 prehendit
359 2666 395 2729 et
418 2664 454 2728 in
480 2663 564 2730 lecto
590 2678 652 2730 ‘suo
675 2664 873 2730 conlocarit:
909 2660 955 2731 m
976 2686 1050 2732 curn
1073 2665 1170 2730 simul

161 2750 199 2816 P.
229 2751 372 2816 Rutilius
404 2751 561 2836 venisset,
594 2752 650 2837 qui
682 2755 733 2817 est
761 2753 855 2819 nobis
885 2752 982 2818 huius
1011 2754 1169 2819 sermonis

163 2838 383 2923 aucmreum
406 2860 534 2925 quoque
556 2843 594 2906 ut
617 2841 782 2925 salutarit,
805 2844 939 2928 propter
966 2840 1170 2907 Tuberonem

116 2942 149 2983 >⁸0
162 2927 259 2993 iussit
286 2927 441 2993 adsidere.
485 2927 569 2993 Tum
591 2926 723 2994 Furius:
751 2926 835 3005 Quid
861 2950 920 2996 vos
943 2929 1064 3016 agitis?
1091 2952 1169 2995 num

162 3037 344 3082 sermonem
362 3019 507 3081 restrum
522 3017 664 3102 aliquem
678 3017 808 3082 diremit
820 3021 932 3084 noster
945 3017 1169 3084 interventus?

161 3104 297 3170 Minime
317 3125 408 3189 vero,
431 3103 619 3191 Africanus,
646 3104 732 3171 soles
755 3100 901 3172 enimin
923 3106 1003 3172 haec
1026 3107 1169 3172 studiose

161 3193 373 3280 investigare,
401 3212 483 3278 quae
511 3198 587 3259 sunt
612 3193 648 3259 in
674 3194 736 3260 hcc
787 3214 894 3280 enare,
921 3194 960 3260 de
987 3215 1051 3279 quo
1078 3195 1169 3260 insti·

162 3285 271 3348 tuerat
296 3281 395 3367 paulo
424 3285 500 3347 ante
526 3281 655 3348 Tubero
682 3215 857 3370 quaeSrerey
889 3282 1034 3348 Rutilius
1042 3285 1098 3365 1.[p.
1118 3299 1168 3350 eoa

123 3385 149 3426 ³5
163 3369 292 3455 quidem
318 3374 431 3436 noster
457 3370 557 3436 etiam
584 3371 644 3437 sub
671 3370 752 3456 ipsis
774 3370 972 3437 Numantiae
999 3371 1169 3437 moenibus

163 3458 291 3524 solebat
313 3480 439 3525 mecum
457 3458 620 3524 interdum
639 3458 707 3524 eius
725 3459 813 3524 modi
831 3459 876 3524 ali
898 3460 955 3524 uid
972 3459 1169 3544 conquirere.

163 3545 251 3622 Quae
273 3569 325 3613 res
348 3548 480 3614 tandem
501 3547 679 3614 inciderat?
702 3547 808 3632 inquit
830 3480 955 3613 Parius.
992 3546 1074 3613 Tum
1098 3547 1168 3612 ille:

758 3619 816 3750 A
848 3727 853 3739 ·
921 3677 1039 3768 stlat.

708 3761 745 3829 L,
767 3756 901 3811 lawr*
