2654 3924
151 210 217 276 262
582 210 632 266 DE
650 208 745 268 FATO
776 240 781 245 ·

151 355 306 422 sescentis
333 356 472 422 saeculis
499 356 742 423 antedictum?
771 356 963 423 ursitum
986 378 1052 423 non
1073 360 1159 421 esset
1186 396 1191 406 ·
1321 436 1322 439 Ἴ

149 466 227 511 vera
249 444 329 511 haee
352 444 547 512 enuntiatio:
575 443 703 531 ‘Capiet
725 443 938 511 Numantiam
961 443 1092 531 Scipio’,
1117 467 1158 510 ue

149 533 214 616 illa
240 533 370 618 quidem
397 555 511 599 eversa
536 555 614 600 vera
640 538 692 600 est
718 534 798 600 haee
825 533 1019 615 enuntiatio:
1035 562 1037 569 ’
1052 531 1159 620 ‘Oepit

149 621 363 687 Numantiam
390 619 519 708 Scipio?
559 621 675 688 Potest
706 622 809 708 igitur
824 622 1008 708 'quiequam
1035 621 1158 688 saetam

149 732 233 795 esse,
262 710 348 796 quod
370 732 437 776 non
458 731 570 776 verum
592 710 692 777 fuerit
713 711 860 777 futurum
883 710 976 791 esee?
1012 708 1099 776 Nam
1122 715 1185 776 uts

99 808 116 815 ”
148 799 327 885 praeterita
349 814 395 865 ea
407 820 485 865 vera
503 798 649 883 dicimus,
672 820 810 884 quorum
828 798 995 885 superiore
1012 802 1159 886 tempore

148 910 227 954 vera
247 887 347 954 fuerit
369 887 541 972 instantia,
568 887 761 972 sieiutura,
789 909 927 972 quorum
950 888 1159 973 consequenti

97 988 130 1040 28
149 981 296 1062 tempore
318 997 396 1043 vera
418 975 481 1041 erit
498 975 667 1060 instantia,
690 997 729 1042 ea
745 997 824 1042 vera
841 975 993 1042 dicemus.
1018 972 1117 1060 Neo,
1131 977 1159 1041 si

149 1078 245 1130 omne
267 1064 471 1130 enuntiatum
494 1069 551 1131 aut
573 1086 686 1130 verum
709 1067 767 1130 aut
788 1064 910 1130 fal'sum
930 1067 990 1148 est,
1013 1064 1160 1150 sequitur

148 1153 224 1220 ilieo
252 1173 323 1219 esse
349 1174 465 1219 causas
494 1152 712 1238 inmutabilis,
741 1173 859 1238 easque
883 1156 1047 1237 aeternas,
1077 1175 1159 1238 quae
1174 1174 1199 1214 ro

148 1240 345 1327 prohibeant
368 1232 541 1326 quiequam
559 1262 651 1308 seeus
669 1241 792 1326 eadere,
815 1245 913 1326 atque
931 1242 1159 1324 casurum-sih

147 1330 303 1396 fortuitae
326 1334 407 1396 sunt·
426 1349 551 1414 causae,
574 1351 657 1415 quae
681 1329 833 1415 efficiant,
853 1333 983 1396 atsere
999 1328 1159 1412 'dieantua

146 1440 232 1504 quae
253 1419 301 1485 ita
323 1419 483 1485 dieantur:
512 1416 646 1484 ‘Veniet
667 1418 702 1483 in
725 1422 874 1484 senatum
897 1416 1003 1504 Gato',
1023 1440 1091 1484 non
1111 1419 1158 1483 in·

149 1507 258 1575 elusae
284 1506 319 1572 in
345 1528 454 1574 rerum
480 1510 600 1573 natura
622 1511 721 1592 atque
744 1506 879 1591 mundo;
905 1510 939 1571 et
961 1510 1072 1585 tamen
1089 1510 1159 1573 tam

150 1600 200 1662 est
223 1594 419 1662 inmutabile
445 1599 631 1680 venturum,
659 1617 732 1661 oum
760 1599 959 1680 astrorum,
987 1601 1094 1680 quam
1107 1617 1159 1661 ve
1175 1615 1199 1656 15

148 1685 250 1769 nisse,
264 1705 335 1751 nee
362 1683 404 1750 ob
432 1705 505 1749 eam
532 1704 674 1750 eausam»
691 1683 797 1749 fatum
824 1687 882 1749 aut
908 1684 1085 1750 necessitas
1109 1706 1159 1749 ex·

148 1771 351 1839 timescenda
369 1775 429 1839 est.
460 1772 592 1838 Etenim
614 1773 679 1838 erit
701 1771 847 1838 confiteri
865 1793 1009 1838 neeesse:
1032 1770 1159 1838 ‘Sihoe

150 1861 368 1927 enuntiatum:
391 1859 539 1927 “Veniet
561 1861 596 1926 in
618 1859 837 1927 husoulanum
861 1859 1084 1927 Hortensius’'
1107 1883 1159 1926 re

148 1973 222 2027 rum
248 1971 322 2016 non*
342 1953 404 2033 est,
433 1949 593 2034 sequitur,
622 1953 660 2015 ut
681 1949 801 2016 falsum
824 1948 889 2015 sit?
936 1947 1079 2025 Quorum
1102 1948 1158 2014 isti

147 2042 301 2105 neutrum
323 2037 452 2122 volunt3
476 2037 562 2123 quod
584 2038 655 2104 fieri
676 2059 744 2104 non
765 2041 884 2125 potest.
980 2048 983 2054 '
1016 2066 1019 2077 ·
1146 2056 1198 2097 vso
1324 2028 1325 2053 i

215 2125 285 2193 Nee
311 2148 372 2192 nos
394 2125 550 2213 impediet
571 2126 631 2192 illa
653 2126 773 2213 ignava
794 2126 895 2210 ratio,
922 2147 1005 2235 quae
1028 2125 1159 2210 dieitur,

149 2215 336 2303 appellatur
354 2215 440 2281 enim
460 2215 591 2300 quidam
610 2214 848 2302 aphilosophis
863 2209 965 2301 ἄργος
978 2209 1088 2298 λόγος,
1107 2214 1158 2281 eui

149 2305 178 2371 si
194 2323 375 2390 pareamus,
392 2302 475 2369 nihil
490 2303 622 2369 omnino
636 2324 773 2390 agamus
786 2304 822 2368 in
835 2304 913 2369 vita
945 2301 998 2370 Sic
1013 2303 1099 2369 enim
1112 2303 1159 2369 in·

148 2396 335 2480 terrogantz'
350 2389 398 2458 ‘Si
410 2392 515 2473 fatum
529 2391 592 2457 tibi
604 2396 656 2457 est
669 2413 709 2457 ex
721 2391 784 2458 hoe
797 2391 912 2460 morbo
926 2392 1158 2476 convalescere,

148 2481 217 2548 sire
234 2486 271 2546 th
289 2480 448 2547 medicum
463 2480 649 2546 adhibueris
668 2479 737 2546 sive
749 2479 1026 2567 nonadhibueris,
1043 2502 1158 2548 eonve-
1172 2497 1198 2540 as

95 2580 129 2631 aa
148 2570 264 2655 lesnes,
282 2569 371 2654 item,
389 2568 419 2634 si
434 2568 541 2634 fatum
559 2568 622 2634 tibi
640 2572 691 2633 est
709 2588 748 2633 ex
761 2567 824 2634 hoo
836 2568 951 2634 morbo
964 2590 1030 2635 non
1044 2591 1159 2635 conua-

148 2657 370 2749 leseere,gsive
391 2660 429 2739 tu
451 2655 612 2723 medicum
632 2655 818 2723 adhibueris
836 2656 906 2721 sive
922 2677 989 2722 non
1006 2657 1159 2724 adhibue

147 2748 209 2831 ris,
229 2768 296 2813 non
314 2745 538 2830 oon'valesees3
566 2748 600 2810 et
623 2745 817 2811 alterutrum
839 2744 945 2811 fatum
968 2748 1033 2830 est,
1061 2746 1159 2811 medi

97 2836 221 2924 isseum
253 2843 346 2920 ergo·
359 2833 513 2900 adhibere
541 2832 623 2898 nihil
653 2831 793 2900 attinet?
838 2831 939 2899 Recte
966 2854 1069 2921 genus
1097 2834 1159 2901 hoo

147 2921 416 3010 interrogationis
445 2921 601 3009 ignavum
628 2925 726 3007 atque
752 2921 839 2988 iners
864 2921 1069 2989 nominatum
1084 2938 1087 2947 “
1100 2927 1159 3007 est,
1172 2939 1199 2982 so

148 3011 234 3097 quod
257 3010 370 3077 eadem
386 3010 520 3077 »ratione
539 3010 644 3089 omnis
663 3032 681 3075 e
699 3010 769 3076 rita
785 3009 923 3076 tolletur
941 3011 1036 3077 aetio.
1067 3010 1158 3077 Lieet

98 3145 101 3149 .
149 3101 249 3167 etiam
271 3099 442 3185 inmutare,
464 3102 502 3164 ut
516 3098 581 3164 fati
598 3120 717 3166 nomen
734 3120 775 3164 ne
794 3098 953 3184 adiungas
971 3103 1005 3164 et
1023 3099 1157 3165 eandem

148 3193 259 3255 tamen
285 3191 398 3254 teneas
426 3188 637 3272 sententiam,
663 3187 726 3254 hoe
748 3187 857 3253 modo:
886 3184 937 3252 ‘Si
960 3209 1000 3253 ex
1023 3188 1157 3253 aeterni·

147 3280 217 3343 tate
244 3280 357 3343 terum
385 3275 447 3343 hoo
473 3275 551 3341 fuit:
584 3276 662 3342 “Er
688 3276 754 3341 isto
782 3275 897 3341 morbo
920 3274 1159 3359 convalesces'',

147 3366 215 3430 sive
244 3363 430 3430 adhibueris
453 3365 613 3432 medicum
637 3365 705 3430 sive
725 3385 793 3430 non
815 3362 1016 3449 adhibueris,
1042 3386 1158 3431 oouva-
1172 3380 1198 3422 ³⁵

146 3452 263 3535 lesnes}
294 3451 470 3539 itemque,·³
483 3455 512 3520 si
544 3475 583 3520 ex
612 3452 806 3519 aeternitate
838 3451 959 3519 falsum
990 3452 1053 3519 hoe
1080 3452 1157 3518 fuiti

147 3538 227 3605 “Ex
252 3540 319 3606 isto
345 3541 461 3608 morbo
490 3540 733 3626 convalesces'',
760 3542 828 3607 sive
851 3539 1037 3606 adhibueris
1060 3540 1157 3606 medi·
