2654 3924
168 191 234 255 252
423 165 425 168 ’
593 174 650 242 ‘ou
668 189 762 244 asro

168 350 286 401 cumque
313 333 395 400 fiant,
422 330 483 387 lieri
509 330 604 387 omnia
631 348 722 386 causis
749 329 993 395 antecedentibus3
1021 331 1176 386 voluntatis

167 404 242 458 enim
264 406 378 458 nostrae
400 419 457 458 non
480 419 541 458 esse
565 418 663 458 causas
686 402 813 457 externas
836 403 866 455 et
888 400 1084 456 antecedentes
1103 405 1176 473 (cap.

169 481 271 528 10-12
291 481 306 540 5
322 476 447 543 21—29).
479 473 534 528 Hic
552 472 666 528 disserit
684 471 769 527 etiam
788 471 823 525 de
837 471 940 541 ignava
954 471 1071 540 ratione,
1089 472 1177 527 idest

167 548 203 598 de
220 541 298 618 ἀργῷ
318 542 400 613 λόγῳ,
420 561 475 613 qua
492 544 616 598 admissa
633 560 744 598 omnem
763 559 778 597 e
798 542 858 596 vita
874 542 940 596 tolli
952 542 1094 597 actionem
1107 543 1177 597 libe-

168 632 228 669 ram
246 615 331 671 docet
349 614 499 685 Chrysippi
518 616 548 669 et
561 614 696 668 Carneadi
713 613 836 668 rationes
852 629 970 681 sequens
983 615 1055 683 (cap.
1073 621 1176 668 13-16

168 689 322 755 §uo-38).
350 685 478 755 Denique
497 702 560 739 cum
578 685 649 740 duae
668 683 788 739 fuissent
805 685 931 739 veterum
944 684 1177 754 philosophorum

169 756 338 822 sententiae,
362 772 418 810 una
439 772 546 822 eorum,
571 755 619 823 qui
638 756 784 809 censerent
802 753 896 809 omnia
913 754 954 809 ita
972 755 1031 810 fato
1049 755 1122 821 fieri,
1145 759 1178 810 ut

168 826 258 881 fatum
281 828 338 881 vim
361 826 539 882 necessitatis
562 826 696 892 adferret,
723 825 812 879 altera
834 841 943 891 eorum,
968 826 1017 895 qui
1039 825 1099 881 sine
1117 827 1177 882 ullo

168 898 228 953 fato
252 915 314 953 esse
336 897 492 952 animorum
514 898 607 951 motus
631 895 805 952 voluntarios
823 897 968 966 putarent,
991 897 1178 967 Chrysippum

169 969 211 1022 ait
232 968 356 1023 medium
377 968 459 1023 ferire
478 967 615 1033 voluisse,
639 967 689 1022 sed
707 969 803 1021 tamen
821 966 911 1037 magis
930 968 966 1020 ad
985 984 1080 1023 eorum
1098 985 1178 1022 acoe-

170 1040 236 1094 dere
256 1039 433 1106 sententiam,
452 1038 501 1108 qui
518 1038 688 1094 necessitate
706 1039 800 1093 motus
818 1037 925 1093 animos
944 1036 1047 1092 liberos
1062 1056 1121 1094 esse
1136 1057 1179 1092 ar·
1210 1062 1215 1070 ⁴

168 1110 308 1164 bitrentur
332 1114 403 1180 (cap.
430 1116 532 1164 17—19
556 1116 571 1176 §
595 1112 718 1179 39-45).
760 1109 916 1176 Utcumque
942 1124 973 1163 se
997 1126 1041 1163 res
1066 1109 1179 1176 habeat,

169 1181 224 1234 hoc
243 1181 318 1235 certe
336 1181 420 1236 modo
439 1180 476 1234 ad
493 1181 566 1234 hanc
585 1196 699 1235 causam
717 1179 930 1248 disceptandam
948 1195 1005 1234 non
1023 1181 1058 1233 ab
1077 1181 1179 1234 atomis

170 1251 326 1306 errantibus
349 1253 379 1306 et
401 1250 435 1305 dc
460 1249 508 1305 via
530 1250 735 1305 declinantibus
758 1249 891 1319 Epicurio
913 1266 990 1305 more
1008 1251 1180 1321 praesidium

169 1322 323 1392 petendum
340 1320 431 1376 videri
449 1325 520 1392 (cap.
540 1329 574 1376 20
593 1328 608 1388 ξ
627 1325 751 1387 46-48).

134 1552 150 1677 ξ
194 1543 195 1546 ¹
244 1573 403 1658 ...quia
420 1570 562 1658 pertinet
581 1572 622 1637 ad
641 1592 756 1655 mores,
776 1571 861 1655 quod
879 1560 966 1655 ἦθος
983 1570 1035 1636 illi
1053 1577 1181 1658 vocant,

171 1683 231 1726 nos
260 1684 332 1726 eam
354 1664 481 1747 partem
504 1659 730 1746 philosophiae
754 1659 991 1724 demonibus
1015 1661 1180 1747 appellare

172 1750 323 1834 solemus,
346 1751 401 1815 sed
425 1750 516 1815 decet
539 1753 712 1836 augentem
735 1748 882 1834 linguam
904 1747 1056 1825 Latinam
1079 1751 1181 1815 nomi-

171 1861 249 1903 nare
273 1840 474 1922 moralem,
497 1837 748 1945 explicandaque
771 1837 820 1901 vis
844 1841 894 1901 est
917 1837 1065 1922 ratioque
1085 1861 1181 1903 enun-

170 1927 357 2011 tiationum,
385 1949 467 2011 quae
491 1926 607 1991 Graeci
630 1925 797 2008 αξιωματα
820 1930 951 2009 vocant,
979 1948 1060 2011 quae
1084 1928 1123 1991 de
1145 1946 1209 1992 res

170 2016 282 2080 futura
304 2037 377 2081 cum
400 2015 523 2099 aliquid
546 2015 657 2079 dieunt
679 2014 781 2098 deque
804 2035 852 2098 eo,
876 2014 961 2098 quod
983 2016 1089 2100 possit
1112 2016 1181 2080 fieri

173 2108 230 2168 aut
252 2125 318 2168 non
341 2104 459 2189 possit,
484 2125 581 2187 quam
603 2102 671 2167 rim
693 2102 846 2187 habeant,
871 2103 1009 2168 obscura
1033 2104 1181 2187 quaestio

172 2195 231 2275 est,
254 2214 352 2275 quam
371 2189 446 2276 περὶ
465 2191 620 2255 δυνατῶν
639 2190 828 2276 philosophi
846 2191 1023 2276 appellant,
1047 2196 1181 2277 totaque

172 2283 223 2344 est
253 2275 387 2362 λογική,
426 2301 524 2364 quam
555 2279 715 2344 rationem
747 2278 924 2344 disserendi
955 2302 1044 2345 voco.
1090 2279 1181 2357 Quod

172 2371 282 2433 autem
304 2368 339 2432 in
362 2368 435 2432 aliis
459 2368 552 2432 libris
574 2366 645 2448 feci,
669 2367 724 2451 qui
747 2371 823 2432 sunt
846 2368 1020 2433 denatura
1038 2369 1180 2453 deorum,
1198 2391 1223 2429 ro

172 2457 314 2540 itemque
337 2456 371 2521 in
389 2457 439 2541 iis,
462 2478 543 2541 quos
562 2456 600 2521 de
620 2455 818 2521 divinatione
837 2456 930 2540 edidi,
952 2458 1043 2521 utin
1061 2461 1182 2522 utram-

173 2567 235 2630 que
258 2548 385 2631 partem
409 2550 567 2631 perpetua
589 2544 806 2630 explicaretur
828 2544 943 2628 oratio,
967 2567 1030 2629 quo
1053 2543 1181 2611 facilius

172 2634 206 2699 id
229 2657 249 2700 a
272 2656 399 2718 quoque
423 2634 630 2720 probaretur,
659 2633 744 2717 quod
767 2632 881 2717 cuique
904 2633 1044 2698 maxime
1066 2636 1182 2720 proba·

173 2723 239 2788 bile
266 2722 442 2805 videretur,
469 2722 502 2787 id
529 2722 564 2786 in
590 2723 651 2786 hac
679 2721 900 2806 disputatione
927 2721 967 2786 de
995 2722 1064 2787 fato
1088 2745 1182 2789 casus

137 2812 305 2896 aquidum
337 2833 377 2876 ne
409 2810 549 2876 facerem
580 2810 747 2896 inpedivit.
792 2808 878 2874 Nam
911 2824 985 2876 cum
1016 2833 1121 2876 essem
1148 2813 1182 2876 in
1198 2833 1224 2872 rs

172 2900 355 2965 Puteolano
369 2898 561 2984 Hirtiusque
584 2902 705 2982 noster,
728 2899 841 2964 consul
860 2898 1057 2983 designatus,
1079 2900 1182 2964 isdem

173 2989 208 3053 in
231 2987 326 3071 locis,
348 2988 399 3053 vir
421 2989 516 3053 nobis
540 2986 755 3051 amicissimus
779 2986 885 3051 ethis
909 2987 1035 3073 studiis,
1057 2987 1093 3052 in
1116 2989 1183 3073 qui·

174 3078 235 3142 bus
257 3097 319 3140 nos
342 3097 362 3140 a
383 3076 526 3162 pueritia
544 3075 692 3159 viximus,
716 3075 851 3159 deditus,
875 3076 1015 3140 multum
1034 3099 1098 3141 una
1117 3100 1183 3142 era-

175 3186 256 3249 mus,
275 3164 415 3229 maxime
433 3186 494 3229 nos
513 3162 642 3249 quidem
661 3163 864 3249 exquirentes
884 3186 922 3228 ea
936 3164 1082 3250 consilia,
1102 3188 1183 3250 quae

175 3253 216 3318 ad
239 3273 353 3338 pacem
376 3255 410 3316 et
432 3252 476 3317 ad
497 3251 701 3317 concordiam
720 3251 838 3317 civium
856 3252 1065 3338 pertinerent.
1103 3253 1183 3319 Cum
1198 3273 1225 3314 so

176 3340 263 3406 enim
287 3362 399 3404 omnes
422 3344 499 3426 post
521 3339 689 3404 interitum
709 3337 857 3405 Caesaris
879 3363 1037 3406 novarum
1060 3346 1134 3428 pert
1172 3379 1184 3392 ·

176 3428 348 3494 bationnm
376 3450 491 3493 causae
515 3428 626 3513 quaeri
648 3427 834 3493 viderentur
857 3427 961 3513 iisque
984 3450 1055 3495 esse
1078 3452 1185 3496 occur-

179 3516 313 3583 rendum
336 3521 533 3602 putaremus,
557 3517 662 3583 omnis
684 3515 752 3580 fere
774 3519 889 3580 nostra
906 3516 941 3581 in
958 3517 1010 3581 his
1029 3519 1184 3584 delibera·
