2652 3920
190 206 253 269 194
539 199 589 258 DE
607 199 849 258 DIVINATIONE

138 361 184 412 1⁸1
196 348 299 413 lubre.
336 346 543 415 Democritus
566 350 675 413 autem
698 349 809 412 censet
831 344 995 431 sapienter
1017 344 1207 411 instituisse

187 440 322 520 veteres,
339 441 377 501 ut
394 436 577 502 hostiarum
594 436 839 503 immolatarum
857 434 1093 520 inspicerentur
1111 437 1207 519 exta3

187 546 327 611 quorum
353 546 392 590 ex
418 523 535 591 habitu
563 528 662 610 atque
689 546 728 589 ex
755 523 863 589 colore
889 526 961 588 tum
984 521 1206 607 salubritatis,
1307 482 1309 623 Ι

187 618 259 679 tum
285 613 493 700 pestilentiae
519 613 615 699 signa
636 611 773 699 percipi,
799 632 1068 696 nonnumquam
1091 610 1205 695 etiam,
1308 626 1309 647 ¹

189 723 272 865 quae
298 701 422 768 situel
450 701 607 767 sterilitas
635 721 789 788 agrorum
816 700 868 765 vel
895 698 1051 765 fertilitas
1079 699 1204 765 futura
1234 718 1249 761 e

217 811 278 855 uae
301 790 330 855 si
348 810 369 855 a
385 793 503 855 natura
520 788 668 875 profecta
686 788 871 855 observatio
891 790 989 873 etque
1007 809 1085 855 usus
1102 809 1204 876 agno
1309 848 1310 875 ,

189 878 250 961 rit,
277 878 382 943 multa
409 876 535 944 adferre
561 877 671 964 potuit
699 877 780 962 dies,
807 898 890 962 quae
914 876 1203 943 animadvertendo
1309 882 1310 959 l

188 970 391 1051 notarentur,
413 965 526 1031 utillo
543 963 756 1050 Pacuvianus,
776 966 833 1052 qui
850 965 886 1031 in
903 963 1028 1051 Olrryse
1045 965 1204 1052 physicus
1309 964 1310 979 ¹

189 1054 365 1139 inducitur,
392 1053 525 1119 minime
551 1057 703 1121 naturam
728 1075 837 1119 rerum
860 1074 1017 1140 cognosse
1040 1053 1203 1120 videatur:

241 1182 391 1226 ...nam
417 1160 489 1226 isti
516 1157 585 1245 qui
605 1160 781 1247 linguam
805 1160 933 1226 arium
955 1159 1246 1247 intelleguntur

233 1246 401 1334 Plusque
416 1251 459 1315 ex
475 1247 606 1314 alieno
620 1248 749 1314 iec‘ore
763 1248 922 1334 sapiunt
936 1270 1049 1333 quam
1063 1250 1106 1314 ex
1120 1270 1204 1334 suo,

233 1335 358 1425 Magis
373 1336 605 1403 audiendum
620 1359 731 1422 quam
745 1337 1044 1404 auscultandum
1055 1339 1204 1403 censeo.

190 1440 278 1511 cur?
301 1465 431 1528 quaeso,
454 1465 527 1509 oum
548 1442 620 1528 ipse
638 1443 749 1527 paucis
767 1442 971 1529 interpositis
990 1442 1138 1509 versibus
1157 1444 1204 1508 di·

190 1552 245 1600 cas
269 1532 351 1597 satis
375 1531 551 1598 luculente:
925 1530 928 1537 ’

235 1636 432 1724 Quidquid
445 1641 506 1704 est
519 1638 604 1723 hoc,
623 1638 750 1704 omnia
764 1638 924 1721 animat,
942 1636 1246 1722 format,clit,1c

840 1728 971 1812 auget,
994 1729 1114 1810 creat,

237 1813 389 1901 Se'pelit
418 1814 640 1901 recipitque
671 1812 712 1880 in
744 1835 833 1916 sese,
860 1814 988 1924 omnia
1020 1815 1203 1880 omnium·

236 1977 490 2076 indidemque
509 1991 639 2058 eadem
659 1902 974 2076 a6qqqe0qqlplpqqtr
988 1907 1202 2078 diiii'egro

632 2084 747 2165 atque
770 2079 901 2145 eodem
925 2080 1114 2147 occidunt

193 2186 278 2263 Quid
300 2191 351 2252 est
373 2187 486 2274 igitur,
508 2207 575 2271 our,
597 2206 670 2252 cum
693 2184 808 2250 domus
831 2185 876 2250 sit
894 2186 1039 2252 omnium
1057 2209 1130 2272 una,
1153 2208 1202 2252 ea-

194 2296 256 2362 que
275 2275 463 2359 communis,
481 2295 618 2360 cumque
636 2272 737 2338 animi
754 2272 922 2339 hominum
942 2296 1069 2361 semper
1081 2274 1202 2341 fuerint

192 2364 358 2449 futurique
382 2364 457 2448 sint,
479 2385 537 2429 cur
559 2361 593 2447 ii,
615 2361 693 2447 quid
711 2382 749 2427 ex
767 2383 895 2446 quoque
914 2364 1051 2448 eveniat,
1074 2368 1107 2430 et
1125 2364 1202 2450 quid
1215 2385 1243 2426 ao

14 2512 15 2525 ,
195 2475 356 2539 quamque
374 2474 444 2518 rem
462 2450 633 2537 significet,
655 2450 837 2536 perspicere
854 2452 1089 2537 nonpossint?
1113 2451 1202 2519 Haec

14 2540 16 2615 l
92 2582 105 2603 s
193 2540 305 2626 hebui,
327 2540 445 2627 inquit,
468 2539 506 2605 de
529 2538 727 2604 divinatione
750 2559 834 2624 quae
857 2537 1004 2605 dicerem.

14 2634 16 2699 t
63 2604 92 2675 s
137 2608 193 2737 {82
260 2629 356 2696 Nunc
382 2629 441 2694 illa
463 2627 625 2712 testabor,
651 2648 718 2693 non
739 2650 791 2693 me
814 2627 989 2715 sortilegos
1011 2650 1116 2715 neque
1139 2650 1202 2715 eos,

14 2706 17 2737 '
49 2710 54 2733 ⁴
196 2719 252 2805 qui
275 2721 428 2804 quaestus
451 2737 549 2782 causa
571 2715 782 2801 hariolantur,
804 2738 846 2782 ne
867 2717 1117 2803 psychomantia
1135 2718 1203 2803 qui-

196 2809 278 2893 dem,
300 2806 419 2892 quibus
441 2804 583 2891 Appius,
610 2805 732 2871 amians
755 2808 840 2889 tuus,
862 2805 913 2871 nti
934 2805 1076 2891 solebat,
1105 2826 1241 2894 agno-ss

196 2918 298 2980 scere3
319 2916 386 2961 non
403 2892 509 2960 habeo
528 2892 664 2978 denique
681 2893 777 2960 nauci
790 2891 934 2959 Marsum
954 2915 1120 2981 augurem,
1137 2917 1201 2961 non

195 2985 328 3050 nosnos
349 2981 547 3069 haruspices,
568 2973 804 3049 nonde-circo
824 2983 1019 3069 astrologos,
1041 3004 1108 3049 non
1125 2982 1201 3049 Isia-

195 3094 251 3140 cos
273 3070 480 3155 conieotores,
502 3092 568 3135 non
586 3069 779 3156 interpretes
798 3069 1012 3155 somniorum3
1032 3073 1202 3138 nonenim

196 3165 274 3228 sunt
294 3159 320 3225 ii
341 3163 399 3225 sut
422 3159 557 3224 scientia
580 3162 638 3224 aut
660 3162 732 3223 arte
755 3158 864 3244 divini,

240 3262 313 3331 de
348 3263 621 3350 superstitiosi
658 3268 769 3330 vates
800 3244 1113 3370 impudentesque
1141 3267 1241 3333 hat-ao

243 3439 319 3506 art
347 3440 496 3508 inertes
528 3443 594 3509 adt
623 3439 753 3505 insani
782 3444 850 3505 aut
878 3355 1201 3530 qusbusnpglqskas

933 3526 1114 3613 imperet,
