2652 3920
178 228 242 294 164
524 227 574 283 DE
592 226 849 285 DIVINATIONE.

175 373 436 462 diligentissume
458 395 512 441 res
529 372 728 439 Hannibalis
751 375 940 457 persecutus
963 371 1041 458 est):
1064 372 1187 439 Hanni-

174 461 295 548 balem,
316 484 391 530 cum
412 461 552 547 cepisset
570 459 761 548 Saguntum,
784 460 891 527 visum
914 482 985 527 esse
1007 461 1043 526 in
1064 461 1187 527 somnis

176 550 291 618 anve
313 550 348 616 in
371 551 506 617 deorum
518 549 696 617 ¹concilium
715 550 838 634 vocam,
861 570 1017 635 quocum
1035 550 1187 634 venisset,

175 637 287 706 Iovem
300 638 520 725 imperavisse,
534 642 572 704 ut
585 637 702 704 Italiae
716 639 839 704 bellum
853 637 996 721 inferret,
1009 638 1187 722 ducemque

175 727 206 794 ei
233 749 335 794 unum
362 749 381 794 e
407 727 545 794 concilio
570 727 700 811 datum,
728 747 792 810 quo
818 726 913 792 illum
941 730 1087 791 utentem
1114 744 1213 792 cums

176 816 318 882 exercitu
340 815 493 902 progredi
516 816 674 899 coepisse,
697 818 769 880 tum
791 814 823 880 ei
844 814 958 880 ducem
980 815 1075 881 illum
1097 836 1188 900 pras·

176 904 314 990 cepisse,
341 925 382 970 ne
407 904 597 989 respiceret3
624 904 719 969 illum
748 907 857 969 autem
879 903 914 968 id
936 903 1058 970 diutius
1080 903 1187 969 facere

175 1014 243 1058 uon
278 992 424 1077 potuisse
458 992 645 1077 elatumque
677 992 855 1078 cupiditate
886 991 1081 1077 respexisse3
1116 995 1197 1057 tum·

176 1080 280 1146 visam
316 1079 446 1146 beluam
479 1082 607 1147 vastam
639 1084 673 1145 ct
703 1080 878 1147 immanm
910 1080 1188 1166 cheumplicatam

176 1169 391 1253 serpentibus,
413 1184 616 1253 quacumque
634 1168 806 1253 incederet,
829 1168 939 1235 omnic
957 1170 1102 1254 arbusta,
1124 1168 1228 1235 vir-10

176 1258 283 1343 gulta,
310 1260 399 1323 tecta
424 1261 622 1343 pervertere,
650 1262 686 1323 et
706 1280 779 1324 eum
803 1257 998 1323 admiratum
1022 1259 1188 1344 quaesisse

176 1345 216 1410 de
238 1345 307 1429 deo,
331 1345 494 1431 quodnam
515 1345 598 1411 illud
621 1350 708 1412 esset
729 1347 797 1412 tale
820 1349 1017 1429 monstrum3
1038 1350 1074 1411 et
1091 1346 1187 1411 deum

175 1434 381 1519 respondisse
402 1435 592 1500 vastitatem
614 1457 686 1501 esse
708 1434 826 1500 Italiae
847 1435 1127 1521 praecepisseque,
1149 1437 1187 1500 ut

175 1526 327 1609 pergeret
348 1523 507 1609 protinus,
530 1523 608 1608 quid
629 1528 718 1589 retro
741 1528 840 1608 atque
862 1546 883 1588 a
904 1526 999 1609 tergo
1021 1524 1124 1607 fieret,
1145 1544 1187 1587 ne

123 1622 157 1674 to
175 1612 350 1677 laboraret.
386 1610 484 1696 Apud
502 1611 721 1699 Agathoclem
744 1613 902 1698 scriptum
923 1611 958 1676 in
977 1611 1119 1677 historia
1135 1615 1187 1676 est
1201 1627 1228 1671 rs

175 1699 397 1766 Hamilcarem
420 1698 744 1786 Karthaginiensem,
767 1723 841 1767 cum
864 1703 1071 1786 oppugnaret
1092 1697 1187 1785 Syra-

176 1810 284 1871 cusas,
310 1789 417 1854 visum
441 1810 511 1854 esse
534 1789 645 1855 audire
668 1812 793 1873 vocem,
821 1810 856 1855 se
878 1788 1035 1874 postridie
1058 1792 1187 1854 cenatu-

176 1899 248 1943 rum
266 1874 448 1961 Syracusis3
470 1899 544 1943 cum
567 1881 677 1943 autem
694 1879 723 1942 is
742 1878 810 1943 dies
828 1877 1008 1960 inluxisset,
1033 1898 1187 1964 magnam

176 1965 369 2042 seditionem
390 1965 426 2030 in
448 1966 565 2031 castris
588 1967 657 2031 eius
680 1966 766 2031 inter
783 1965 910 2031 Poenos
932 1969 966 2031 et
985 1963 1111 2032 Siculos
1129 1967 1187 2031 mi·

176 2054 251 2119 lites
285 2074 356 2121 esse
386 2052 522 2137 factam3
555 2055 641 2138 quod
673 2077 746 2120 cum
778 2054 956 2120 sensissent
984 2052 1187 2140 Syracusani,
1201 2075 1229 2114 2⁰

176 2141 343 2227 inproviso
367 2142 480 2208 cosin
503 2145 613 2211 castra
634 2143 810 2227 inrupisse,
837 2142 1121 2229 Hamilcaremque
1144 2142 1186 2209 ab

175 2230 217 2296 iis
248 2231 358 2295 rivum
387 2252 457 2296 esse
484 2232 658 2296 sublatum.
705 2231 758 2297 Ita
784 2252 836 2297 res
865 2231 1026 2298 somnium
1053 2253 1187 2317 conpro

176 2318 277 2384 bavit
321 2318 424 2385 Plena
453 2318 688 2404 exemplorum
705 2325 756 2385 est
784 2320 935 2405 historia,
965 2325 1037 2387 tum
1065 2320 1187 2386 referta

123 2418 156 2469 51
176 2407 246 2472 vita
268 2407 457 2473 communis.
493 2406 540 2472 At
563 2430 643 2473 vcro,
657 2408 693 2473 P.
711 2408 831 2475 Decius
849 2410 906 2475 ille
925 2408 962 2485 Q.
979 2408 1024 2494 F,
1048 2410 1186 2495 quipri·

177 2517 249 2561 mus
272 2517 289 2561 e
308 2495 416 2563 Deciis
439 2496 553 2562 consul
574 2495 647 2581 fuit,
669 2520 743 2563 cum
766 2502 852 2564 esset
875 2498 1024 2563 tribunus
1043 2498 1186 2563 militum
1200 2515 1228 2557 ss

175 2584 219 2651 M.
245 2582 379 2650 Valerio
406 2583 446 2650 A.
474 2582 626 2651 Cornelio
659 2587 846 2652 consulibus
874 2609 895 2652 a
922 2583 1187 2672 Samnitibusque

175 2676 378 2760 premeretur
399 2676 512 2738 noster
534 2674 702 2760 exercitus,
724 2697 799 2742 cum
820 2675 965 2760 pericula
987 2675 1186 2760 proeliorum

175 2762 274 2827 iniret
296 2761 448 2827 audacius
471 2766 734 2849 monereturque,
761 2769 799 2830 ut
821 2763 947 2829 cautior
969 2766 1068 2848 esset,
1096 2764 1187 2849 dixit,

177 2849 263 2934 quod
286 2853 377 2915 extat
398 2849 433 2914 in
452 2850 634 2937 annalibus,
655 2873 688 2918 se
705 2852 770 2919 sibi
786 2852 962 2918 insomnis
981 2852 1088 2918 visum
1106 2874 1186 2937 esse,

176 2961 250 3006 cum
272 2939 307 3002 in
330 2937 444 3040 mediis
467 2938 618 3005 hostibus
641 2944 834 3025 versaretur,
857 2940 1001 3007 occidere
1024 2963 1097 3007 cum
1120 2958 1227 3007 masc

175 3026 529 3201 dbhidoddofflraidh3
541 3032 628 3202 tpppt
644 3030 1185 3202 qssmlpqunqnqqqquqqsmpplcqcpthffi

177 3206 275 3287 esset,
304 3202 435 3269 devovit
461 3225 496 3270 se
524 3208 618 3271 etin
645 3207 747 3272 aciem
769 3205 959 3272 Latinorum
988 3206 1113 3292 inrupit
1137 3230 1186 3273 ar·

176 3296 294 3357 matus.
330 3290 401 3368 Quo
425 3293 493 3359 eius
515 3293 604 3360 facto
627 3294 773 3379 superati
796 3298 872 3359 sunt
895 3298 929 3360 et
951 3294 1049 3360 deleti
1067 3295 1185 3361 Latini.

177 3377 276 3445 Cuius
298 3401 386 3446 mors
410 3382 458 3447 ita
481 3383 626 3468 gloriosa
642 3382 715 3466 fuit,
737 3386 775 3448 ut
793 3382 927 3448 eandem
946 3384 1186 3469 concupisceret
1199 3400 1227 3443 οῦ

124 3479 157 3528 ot
175 3468 276 3533 filius·
317 3466 381 3534 Sed
402 3471 569 3537 veniamus
592 3493 692 3553 nunc,
714 3470 743 3535 si
764 3471 881 3555 placet,
903 3470 946 3536 cd
968 3472 1095 3538 somnia
1115 3472 1186 3555 phi·

177 3556 398 3641 losophorum
