2654 3912
187 154 251 218 384
581 111 630 208 bu
649 153 803 209 ancisus

185 302 223 364 11
250 321 289 364 11
315 299 552 384 conplectatur,
580 299 698 384 quibus
725 299 796 384 ipse
817 297 977 365 interfuit.
1022 300 1099 366 Ara
1121 299 1198 386 Ego

148 458 151 461 ,
186 409 263 453 vero
286 387 362 453 huic
384 387 495 472 potius
519 388 693 454 adsentior.
734 385 817 453 Sunt
840 388 926 453 enim
949 410 1121 454 mammae
1143 410 1198 454 res

185 477 220 540 in
242 475 305 542 hae
327 476 485 542 memoria
507 480 605 561 atque
629 481 737 543 aetate
758 480 887 560 nostra3
913 481 985 541 tum
1008 481 1118 542 autem
1140 477 1200 543 ho

186 564 283 629 minis
307 565 509 648 amicissimi,
532 563 589 632 On
611 565 768 652 Pompeii,
790 566 903 631 laudes
925 565 1127 648 inlustrabit,
1149 566 1199 630 in·

186 657 294 719 curret
313 654 413 719 etiam
430 653 466 718 in
482 654 592 720 illum.
606 705 614 719 .
629 659 678 720 .et
691 654 937 720 memorabilem
952 676 1072 719 annum
1088 677 1198 738 suum3
1214 672 1229 713 1

187 763 269 826 quae
288 742 330 807 ab
348 742 413 808 isto
432 743 520 807 malo
538 742 718 827 praedicari
736 765 844 828 quam,
862 747 900 808 ut
918 743 1019 827 aiunt,
1038 743 1077 808 de
1093 742 1199 808 Remo

188 835 221 895 et
244 830 394 896 Romulo.
434 832 482 896 M.
504 829 667 918 Intellego
695 832 843 918 equidem
867 854 887 897 a
909 854 962 897 me
983 832 1084 897 istum
1108 832 1200 897 labo

186 941 256 983 rem
278 920 344 983 iam
368 919 422 984 diu
444 920 618 1004 postulari,
645 921 770 1004 Attice3
797 942 893 1006 quem
916 941 983 986 non
1004 941 1200 1004 recusarem,

187 1008 216 1072 si
238 1007 320 1073 mihi
342 1007 446 1072 ullum
468 1008 667 1073 tribueretur
689 1031 827 1075 vacuum
845 1013 974 1094 tempus
992 1012 1026 1074 et
1044 1009 1200 1092 liberum3

186 1116 290 1179 neque
313 1095 399 1160 enim
423 1100 580 1181 occupata
603 1118 702 1182 opera
723 1119 827 1182 neque
850 1097 996 1182 inpedito
1015 1097 1124 1163 animo
1144 1119 1199 1162 res
1215 1115 1243 1154 ιο

186 1187 282 1249 tanta
304 1184 425 1269 suscipi
446 1189 571 1269 potest3
598 1190 772 1271 utrumque
796 1208 877 1271 opus
901 1190 964 1270 est,
988 1190 1021 1251 et
1043 1208 1121 1251 eura
1143 1209 1200 1251 va-

151 1287 168 1336 9
188 1294 260 1338 aare
279 1275 313 1337 et
330 1273 472 1358 negotio.
508 1274 585 1341 Ara
606 1272 712 1350 Quid?
736 1274 776 1339 ad
795 1279 911 1358 cetera,
934 1296 1016 1359 quae
1035 1273 1197 1359 scripsist'

187 1361 282 1446 plura
314 1382 411 1445 quam
445 1362 616 1448 quisquam
649 1384 666 1427 e
693 1364 829 1448 nostris,
861 1363 946 1448 quod
974 1363 1037 1427 tibi
1064 1362 1200 1428 tandem

186 1454 316 1535 tempus
344 1473 482 1516 vacuum
504 1451 568 1517 fuit
590 1452 801 1517 conoessum?
837 1452 886 1518 M.
909 1448 1079 1517 Subsicivo
1101 1469 1200 1535 quae·

188 1540 261 1603 dam
289 1543 439 1624 tempora
460 1538 643 1624 incurrunt,
670 1562 753 1625 quae
777 1561 838 1627 ego
861 1540 967 1624 perire
990 1561 1056 1605 non
1078 1539 1199 1624 patior,
1215 1557 1241 1597 1⁵

186 1631 237 1711 ut,
264 1627 293 1692 si
320 1628 376 1712 qui
403 1627 471 1693 dies
499 1629 540 1693 ad
566 1629 788 1694 rusticandum
816 1629 886 1694 dati
914 1628 993 1712 sint,
1020 1628 1061 1693 ad
1084 1650 1199 1693 eorum

186 1738 357 1781 numerum
385 1716 684 1802 adcommodantur,
712 1739 794 1802 quae
822 1716 1002 1783 scribimus.
1047 1715 1200 1782 Historia

187 1825 264 1870 vero
291 1827 351 1871 nec
376 1804 506 1870 institui
532 1810 642 1891 potest
668 1805 733 1871 nisi
754 1810 949 1891 praeparato
973 1805 1041 1871 otio
1064 1827 1123 1870 nec
1146 1827 1199 1870 ex-

42 1944 58 1957 ,
187 1895 265 1979 iguo
297 1899 444 1979 tempore
477 1894 617 1978 absolvi,
648 1898 682 1959 et
713 1916 774 1981 ego
803 1894 904 1960 animi
931 1893 1070 1979 pendere
1097 1894 1199 1978 soleo,

188 2004 286 2066 quom
310 1983 410 2047 semel
434 1983 511 2066 quid
534 2003 627 2047 orsus
649 2004 732 2062 111111,
760 1982 789 2048 11
810 1983 964 2049 traducor
987 1982 1065 2066 alio,
1092 2004 1199 2067 neque
1213 2000 1239 2038 2⁰

187 2075 257 2135 tam
278 2070 375 2136 facile
397 2071 582 2155 interrupta
604 2075 740 2138 contexo
764 2093 862 2156 quarn
881 2071 1016 2137 absolvo
1036 2071 1198 2136 instituta.

138 2170 169 2221 ιο
188 2162 264 2225 Ara
286 2158 500 2243 Legationem
527 2159 672 2244 aliquam
694 2160 847 2225 nimirum
870 2159 936 2225 ista
959 2159 1064 2225 oratio
1087 2164 1199 2245 postu·

188 2247 236 2312 lat
260 2250 317 2311 aut
340 2247 408 2311 eius
431 2247 520 2312 modi
543 2248 729 2333 quampiam
752 2248 967 2320 cessationem
989 2249 1128 2313 liberam
1151 2251 1199 2313 11

189 2356 250 2420 que
279 2335 427 2400 otiosam.
472 2335 520 2401 M.
547 2335 620 2420 Ego
647 2358 724 2402 vero
751 2337 870 2402 aetatis
896 2337 1006 2421 potius
1034 2336 1199 2403 vacationi

189 2423 398 2507 confidebam,
421 2445 519 2508 quom
542 2425 735 2509 praesertim
756 2447 824 2491 non
840 2447 1032 2509 recusarem,
1056 2447 1120 2510 quo
1139 2425 1198 2489 mi·
1212 2440 1238 2481 2⁶

160 2568 162 2572 .
187 2534 249 2578 111
272 2534 362 2579 more
385 2513 493 2598 patrio
516 2513 630 2578 sedens
650 2513 686 2579 in
704 2514 786 2579 solio
805 2514 1048 2579 consulentibus
1066 2535 1198 2599 respon·

189 2603 297 2666 dorem
324 2601 563 2688 senectutisque
591 2624 657 2667 non
679 2602 794 2667 inertis
817 2606 914 2688 grato
937 2606 1035 2686 atque
1058 2602 1196 2667 honesto

187 2691 341 2777 fungerer
370 2712 510 2756 munere.
556 2688 609 2757 Sic
637 2691 722 2756 enim
749 2686 831 2755 mibi
856 2691 969 2757 liceret
997 2694 1030 2756 et
1056 2690 1114 2755 isti
1141 2690 1197 2774 111,

189 2790 287 2864 quam
305 2778 478 2864 desideras,
496 2782 529 2844 et
546 2779 659 2844 multis
678 2779 882 2855 uberioribus
901 2783 1000 2864 atque
1018 2778 1196 2845 maioribus

190 2889 306 2952 operae
330 2872 486 2952 quantum
510 2869 628 2933 vellem
651 2868 736 2934 dare.
1210 2883 1237 2922 ³⁰

138 2997 169 3044 11
255 2957 331 3022 Arr.
355 2956 458 3041 Atqui
481 2979 603 3041 vereor,
625 2979 666 3021 ne
687 2957 787 3023 istam
810 2979 941 3023 causam
963 2978 1059 3022 nemo
1081 2958 1198 3021 noscat

189 3045 314 3130 tibique
345 3067 472 3130 semper
499 3045 668 3111 dicendum
695 3045 753 3130 sit,
782 3049 816 3111 et
843 3067 881 3111 10
905 3047 1024 3131 magis,
1055 3044 1140 3129 quod
1163 3047 1197 3108 te

189 3134 260 3218 ipse
291 3134 427 3199 mutasti
458 3137 491 3199 et
523 3134 611 3199 aliud
643 3134 767 3200 dicendi
797 3134 972 3199 instituisti
1004 3154 1120 3219 genus,
1151 3136 1197 3216 ut,
1308 3196 1309 3201 ,

190 3242 286 3304 quem
309 3222 350 3286 ad
369 3222 501 3287 modum
514 3222 660 3307 Roscius,
682 3221 853 3287 familiaris
871 3226 957 3305 tuus,
979 3221 1014 3285 in
1031 3223 1197 3286 senectute

188 3330 340 3374 numeros
362 3309 398 3374 in
420 3314 518 3375 cantu
540 3310 710 3375 remiserat
726 3310 879 3395 ipsasque
897 3309 1056 3375 tardiores
1074 3308 1237 3373 11111111

189 3397 298 3479 tibias,
321 3396 427 3461 11111
450 3420 470 3462 a
492 3398 762 3481 contentionibus,
785 3398 902 3482 quibus
926 3397 1061 3462 summis
1079 3397 1130 3461 uti
1148 3418 1198 3462 so

190 3485 294 3566 lebas,
321 3484 439 3549 cotidie
462 3485 588 3551 relaxes
611 3485 747 3570 aliquid,
773 3489 811 3550 ut
833 3486 899 3551 iam
923 3486 1028 3551 oratio
1051 3488 1109 3550 tua
1131 3507 1198 3551 non
