2654 3912
184 195 251 260 352
548 196 598 250 DE
616 196 665 251 RE
683 195 840 251 PUBLICA

384 427 512 512 LIBRI
539 428 594 511 III
621 427 680 510 llll
708 427 768 510 Ru
796 426 996 511 PUBLIOA
1053 540 1057 547 1

329 594 615 656 suasurum
642 592 876 654 ruossano
906 594 1047 655 sums.

253 749 281 816 1.
304 749 430 816 Nonius
447 770 480 832 p.
503 752 574 815 301.
597 753 618 812 6
641 747 689 812 M
711 747 834 814 Tullius
855 749 893 813 do
914 769 948 812 re
964 749 1109 831 publicu:
1133 748 1205 815 Est

183 837 286 925 igitur
317 837 471 923 quiddam
503 836 728 902 turbulentum
759 836 794 901 in
825 836 1013 902 hominibus
1046 837 1203 925 singulis,

184 927 271 1011 quod
292 927 345 992 vel
369 927 495 991 exultat
517 925 687 1010 voluptate
710 925 763 989 vel
786 925 939 990 molestia
960 925 1136 1012 frangitur.

251 1016 280 1080 2.
304 1016 386 1080 Non.
403 1035 438 1097 p.
460 1019 533 1080 364.
556 1019 578 1080 8
604 1014 653 1078 M
678 1014 802 1079 Tullius
822 1015 859 1079 de
880 1034 914 1078 re
933 1015 1018 1097 publ.
1042 1016 1091 1080 tib.
1114 1016 1201 1080 III:

183 1101 246 1168 Sed
259 1103 319 1168 ut
310 1125 375 1187 1ps1
365 1102 479 1186 †seu
493 1103 637 1167 animum
651 1101 837 1187 periclitent
837 1125 877 1166 ur
890 1124 963 1167 sum
977 1102 1099 1189 vident,
1117 1105 1202 1189 quid
1216 1123 1230 1165 a

184 1213 219 1257 se
241 1195 358 1277 putent
380 1213 451 1256 esse
473 1191 627 1257 facturos.
681 1244 685 1249 ,

251 1280 662 1383 anapaestum.
682 1279 806 1344 Tullius
826 1281 864 1345 du
884 1300 919 1345 re
934 1280 1021 1362 panti.
1045 1281 1096 1346 tu.
1115 1274 1201 1346 III:

183 1367 284 1433 Poeni
306 1369 405 1455 primi
428 1368 618 1434 mercaturis
643 1370 676 1432 et
699 1367 860 1432 mercibus
883 1367 951 1432 suis
970 1369 1143 1434 avaritiam
1163 1375 1201 1435 et

184 1393 403 1549 magnificent
393 1480 460 1522 1am
483 1462 516 1523 et
538 1456 749 1559 inexplebiles
770 1456 892 1541 eupidit
894 1461 964 1521 aies
984 1457 1129 1523 omnium
1148 1480 1200 1523 re·
1304 1524 1305 1535 .

183 1569 256 1610 rum
278 1546 558 1631 inportaverunt
549 1569 584 1610 rn
607 1543 786 1610 Graeciam.
1214 1567 1242 1609 ιο

249 1637 280 1700 4.
303 1635 488 1702 Scholaustes
509 1634 670 1700 [tremulis
690 1635 804 1699 udt
753 1639 811 1700 sut.
834 1634 871 1698 X
890 1639 957 1700 362
979 1633 1199 1738 Surdunupul-

184 1725 240 1803 lus,
262 1744 318 1790 ren
336 1725 573 1806 Assyrioruml
572 1723 749 1801 nuuriosns,
770 1723 807 1787 du
828 1743 888 1805 quo
908 1724 1067 1825 Tullius
1053 1745 1089 1789 in
1107 1726 1198 1790 tertio

183 1814 220 1878 cte
245 1833 279 1878 re
298 1813 427 1896 publicu
452 1814 497 1878 sio
523 1813 585 1876 uit:
614 1808 868 1897 Sardanapallus
895 1811 1024 1876 ille't
976 1816 1024 1876 ut
1024 1812 1065 1877 iis
1089 1812 1198 1878 multo

184 1923 282 1985 quam
304 1901 435 1966 nomine
457 1902 530 1986 ipso
555 1899 737 1965 deformior.

250 1989 280 2055 5.
302 1989 486 2055 Prnaunns
508 1989 558 2055 tib.
579 1988 629 2053 VI
643 1994 691 2054 13.
707 1994 750 2053 70
762 2010 796 2072 p.
813 1990 920 2055 2559
943 1989 1050 2055 Horta
1074 1987 1197 2071 ‘Athos
1212 2010 1239 2053 1⁵

183 2077 333 2145 Attonis'
354 2079 490 2161 protulit
510 2077 613 2144 Cicero
639 2078 675 2141 in
688 2075 765 2141 ἸΙΙ
786 2079 823 2142 do
848 2098 882 2142 re
899 2079 1042 2158 pobliou:
1074 2078 1138 2142 nisi
1166 2078 1198 2143 si

184 2167 256 2250 quis
280 2166 445 2232 Athonem
472 2188 532 2253 pro
560 2168 769 2230 monumento
796 2165 868 2230 vult
889 2165 1035 2231 funditus
1060 2166 1196 2233 efficere.

184 2252 262 2330 Quis
286 2255 372 2320 enim
396 2259 446 2321 est
469 2255 577 2319 Athos
601 2257 657 2317 aut
680 2252 838 2339 Olympus
862 2256 997 2320 tantus?

252 2345 281 2408 6.
303 2346 499 2428 Anpustinns
521 2344 558 2407 de
579 2345 634 2407 uio.
656 2343 705 2406 dei
723 2341 826 2408 1121
847 2343 967 2408 Enitar
987 2364 1044 2409 suo
1067 2345 1138 2422 loeo,
1159 2349 1198 2409 nt
1304 2394 1305 2401 .

184 2434 340 2498 ostendum
361 2435 526 2499 seeundum
548 2431 738 2513 definitiones
759 2431 859 2513 ipsius
880 2431 1048 2511 Ciceronis,
1074 2433 1195 2514 quibus,
1208 2453 1236 2492 ao

183 2522 259 2604 qnid
275 2522 318 2588 sit
333 2541 382 2588 res
393 2523 528 2604 nibliou,
546 2525 576 2585 et
591 2520 668 2601 qnid
683 2519 727 2584 sit
738 2519 881 2602 pupillus,
899 2519 1035 2603 Munente
1052 2518 1197 2604 Scipione

184 2611 311 2676 binim
322 2611 437 2693 posuit,
459 2608 681 2674 adtestantibus
702 2608 795 2672 etium
813 2608 919 2674 multis
936 2610 999 2674 siue
1015 2609 1115 2693 ipsius
1131 2610 1197 2676 siue

183 2719 302 2783 main,
323 2717 399 2780 qnos
421 2696 504 2780 toqui
524 2698 598 2777 feeit
618 2697 654 2760 in
675 2697 779 2761 eudem
802 2697 1015 2779 disputatione,
1037 2698 1197 2763 sententiis

183 2785 1195 2956 tt”ttttttttfflstlult‘lttttttttttt?
1207 2892 1234 2934 ..

183 2965 339 3046 finitiones
359 2984 421 3047 pro
443 2983 498 3029 sno
520 2963 609 3028 modu
630 2963 763 3044 quodum
784 2982 834 3028 res
852 2964 978 3046 mettim
997 2963 1063 3045 fuit
1082 2967 1112 3028 et
1133 2983 1194 3028 me·

185 3052 247 3117 tius
268 3052 308 3117 ub
330 3051 555 3134 antiquioribus
576 3049 729 3116 Romanu
751 3072 845 3133 quum
867 3071 890 3118 u
902 3051 1124 3135 posterioratus
1139 3053 1195 3117 ud·

185 3141 365 3206 ministratu
385 3146 436 3206 est.

588 3317 796 3326 ..ι-*-
