2652 3920
211 214 277 278 204
564 210 614 266 DE
632 211 873 268 DIVINATIONE

210 355 302 424 Nihil
329 360 440 423 antem
455 360 518 459 'est
540 360 713 459 procerto
734 355 895 443 futurum,
923 356 1011 443 quod
1031 360 1142 445 potest
1165 357 1225 424 ali·

158 515 192 642 ,a
211 444 694 621 ιιιιιιεζιιιιιι
714 445 846 619 ιιι·

177 624 191 641 “
209 622 395 690 biturarum
421 643 530 688 rerum
557 621 736 688 scientiam.
780 619 870 698 Quae
897 621 984 688 enim
1010 621 1081 688 rita
1105 621 1225 690 fuisset

209 711 356 797 Priamo,
384 709 414 777 si
440 711 482 777 ab
511 709 732 776 adulescentia
753 710 882 795 scisset,
911 731 993 795 quos
1016 714 1153 778 eventus
1175 730 1256 778 sur-⁵

209 799 350 867 nectutis
361 797 651 866 essethabiturus?
665 796 1004 883 Abeamusafabulis,
1012 798 1169 885 propiora
1177 801 1223 866 ri·
1313 808 1314 893 l

210 890 353 955 deamus.
379 885 646 954 Clarissimorum
659 887 829 952 hominum
845 890 979 953 nostrae
993 886 1135 954 civitatis
1150 909 1224 975 gra·
1313 896 1314 919 I

209 977 362 1043 vissimos
376 975 483 1042 exitus
494 973 771 1042 inOonsolationa
781 975 982 1062 collegimus.
1004 973 1088 1051 Quid
1097 975 1223 1064 igitur?

209 1071 248 1132 ut
271 1065 462 1132 omittamus
485 1063 681 1149 superiores,
703 1062 856 1130 Marcone
878 1062 998 1131 Crasso
1020 1068 1119 1150 putas
1140 1065 1222 1131 utile

209 1152 311 1220 fuisse
333 1157 414 1239 tum,
436 1174 510 1219 cum
533 1152 693 1218 maxumis
716 1152 832 1238 opibus
849 1152 1054 1238 fortunisque
1074 1152 1222 1238 florebat,
1237 1175 1266 1214 ιο

210 1242 292 1309 scire
311 1241 375 1307 sibi
388 1240 560 1307 interfecto
572 1239 692 1307 Publio
705 1241 775 1307 filio
789 1240 994 1327 exercituque
1008 1241 1116 1308 deleto
1129 1245 1222 1309 trans

209 1330 413 1416 Euphratem
426 1351 500 1396 cum
512 1328 695 1416 ignominia
706 1333 741 1395 et
754 1329 909 1396 dedecore
919 1350 992 1396 asse
1000 1330 1222 1417 pereundum?

211 1421 265 1485 An
273 1417 331 1486 On.
338 1418 530 1505 Pompeium
544 1438 656 1485 censes
669 1418 776 1488 tribus
790 1418 858 1483 suis
872 1418 1106 1505 consulatibus,
1114 1419 1221 1485 tribus

210 1505 395 1594 triumphis,
413 1506 629 1572 maximarum
647 1528 756 1572 rerum
775 1507 882 1594 gloria
900 1507 1099 1573 laetaturum
1112 1506 1221 1593 iusisse,
1315 1572 1316 1587 ,

210 1597 240 1663 si
265 1596 363 1663 sciret
385 1616 421 1663 se
442 1596 478 1660 in
500 1594 676 1661 solitudine
698 1593 937 1682 Aegyptiorum
959 1595 1158 1662 trucidatum
1180 1595 1222 1662 iri
1237 1615 1264 1657 m
1315 1598 1316 1635 ³

211 1685 332 1752 amisso
364 1684 521 1769 exercitu,
552 1687 630 1769 post
659 1687 799 1750 mortem
830 1705 908 1750 vero
936 1704 976 1750 aa
1000 1689 1222 1771 consecutura,

156 1786 191 1836 aa
211 1794 294 1860 qnae
320 1772 391 1838 sine
417 1771 561 1838 lacrimis
588 1793 655 1840 non
677 1793 850 1858 possumus
872 1772 1001 1840 dicere?
1037 1771 1122 1850 Quid
1144 1795 1222 1840 vero

211 1862 384 1929 Gaesarem
405 1864 569 1947 putamus,
591 1860 620 1927 si
643 1860 822 1927 divinasset
843 1860 914 1927 fore
931 1860 1022 1928 utin
1039 1883 1078 1927 eo
1097 1867 1221 1948 senatu,

211 1972 307 2037 quem
329 1948 452 2015 maiore
475 1970 514 2015 ex
536 1952 631 2102 parte
652 1949 723 2034 ipse
746 1953 942 2036 cooptasset,
963 1949 999 2016 in
1019 1949 1110 2017 curia
1126 1950 1221 2018 Pom·
1316 1956 1317 2001 ἲ

210 2038 285 2125 peia
312 2041 388 2103 ante
415 2036 518 2122 ipsius
568 2037 688 2123 ompaii
715 2037 926 2104 simulacrum
953 2041 1006 2105 tot
1027 2039 1221 2106 centurioni·
1235 2060 1265 2102 ac
1316 2046 1317 2061 ¹

209 2129 272 2194 bus
295 2125 363 2192 suis
385 2125 643 2211 inspectantibus
662 2146 683 2190 a
700 2125 923 2192 nobilissumis
941 2126 1076 2212 civibus,
1098 2128 1220 2214 partim

210 2215 311 2282 etiam
333 2236 354 2280 a
375 2234 419 2280 se,
434 2214 584 2280 omnibus
602 2213 700 2278 rebus
719 2214 853 2298 ornatis,
875 2214 1056 2282 trucidatus
1074 2216 1123 2282 ita
1139 2216 1220 2284 iace

209 2308 276 2389 ret,
305 2307 342 2369 ιιι
370 2303 411 2368 ad
440 2301 509 2368 eius
533 2323 650 2387 corpus
672 2323 738 2368 non
761 2302 857 2369 modo
880 2302 1071 2389 amicorum,
1100 2306 1158 2371 sed
1179 2327 1222 2371 ne

210 2413 378 2459 servorum
411 2390 541 2476 quidem
572 2389 745 2475 quisquam
774 2391 952 2476 accederet,
984 2414 1048 2479 quo
1076 2393 1219 2460 cruciatu

210 2480 311 2547 animi
339 2479 443 2546 vitam
470 2482 618 2545 acturum
644 2480 766 2545 firisse?
802 2477 899 2547 Certe
925 2479 1029 2568 igitur
1055 2480 1219 2569 ignoratio
1234 2502 1263 2543 ss

157 2569 395 2635 relaturorum
421 2567 583 2633 malorum
610 2567 724 2633 utilior
750 2571 801 2634 est
824 2589 922 2653 quam
944 2569 1088 2636 scientia.
1132 2569 1220 2638 Nam

209 2658 292 2724 illud
319 2656 449 2743 quidem
479 2655 555 2740 dici,
581 2654 774 2741 praesertim
802 2653 976 2742 aStoicis,
1001 2658 1094 2725 nullo
1122 2660 1219 2726 modo

233 2749 333 2814 otest:
360 2743 437 2810 Non
464 2744 544 2809 isset
567 2743 609 2809 ad
631 2766 722 2810 arma
743 2743 932 2831 Pompeius,
956 2767 1024 2813 non
1045 2748 1220 2814 transisset

209 2771 349 2902 gracum
382 2831 598 2918 Euphratem,
632 2854 700 2899 non
735 2833 930 2919 suscepisset
964 2834 1089 2901 bellum
1125 2836 1219 2904 civile

174 2948 177 2953 ’
210 2922 341 2991 Caesar.
384 2918 461 2987 Non
486 2920 590 3008 igitur
615 2920 729 2987 fatalis
758 2922 865 2988 exitus
891 2923 1090 3010 habuerunt3
1117 2925 1262 2992 vultisne

211 3016 321 3078 autem
349 3009 476 3077 evenire
504 3009 615 3075 omnia
634 3008 719 3095 fato,
744 3009 828 3076 nihil
850 3032 929 3098 ergo
952 3011 1020 3078 illis
1042 3012 1220 3100 profuisset

211 3100 370 3184 diviuar03
393 3101 491 3183 atque
512 3097 612 3164 etiam
631 3119 759 3164 omnem
776 3097 919 3166 fructum
937 3100 1025 3167 ritae
1043 3103 1219 3189 superioris

211 3187 444 3277 perdidissent3
466 3185 545 3272 quid
566 3186 653 3253 enim
674 3191 788 3274 posset
809 3187 851 3254 iis
873 3209 944 3255 essa
967 3188 1091 3256 laetum
1114 3191 1219 3257 emtus

212 3297 288 3342 suos
312 3274 556 3362 cogitantibus?
592 3273 659 3361 Ita,
682 3296 812 3361 quoquo
836 3296 907 3343 sese
928 3277 1087 3344 verterint
1109 3275 1220 3364 Stoici,

210 3365 317 3430 iaceat
338 3383 468 3430 necesse
490 3367 542 3430 ast
564 3363 669 3430 omnis
692 3385 804 3430 eorum
827 3364 983 3432 sollertia
1020 3363 1055 3432 Si
1072 3366 1159 3433 enim
1177 3367 1220 3453 id,
1235 3386 1262 3428 ιι

212 3452 299 3537 quod
330 3454 520 3517 eventurum
548 3455 611 3536 est,
642 3452 695 3518 rel
724 3451 787 3518 hoc
815 3454 867 3520 rel
895 3453 955 3520 illo
984 3453 1081 3520 modo
1110 3459 1222 3541 potest

212 3539 350 3625 evenire,
371 3537 505 3606 fortuna
526 3540 616 3607 valet
637 3540 828 3626 plurimum3
851 3562 933 3627 quaa
956 3545 1065 3608 autern
1082 3541 1223 3612 fortuita
