2654 3912
186 213 251 277 436
596 212 645 266 DE
663 212 818 267 LEGIBUS

253 354 355 432 Quae
374 379 456 423 cum
474 357 619 442 populo
638 378 810 441 quaeque
828 357 867 420 in
885 357 1066 443 patribus
1081 379 1201 433 anen-
1231 331 1234 335 ³

185 453 263 530 tur,
286 446 435 511 modica
459 449 582 511 sunto.

136 544 167 594 11
254 532 449 618 Senatori,
491 534 556 618 qui
591 556 659 599 nec
696 534 837 616 aderit,
874 538 940 598 aut
976 556 1093 599 causa
1129 538 1202 599 aut

186 623 300 708 culpa
323 626 419 706 esto,
442 622 529 689 loco
548 627 705 687 senator
724 626 762 687 et
780 622 889 687 modo
909 626 1034 706 orato,
1057 645 1199 687 causas

185 711 322 798 populi
344 714 485 776 teneto.
1216 731 1231 769 a

252 798 321 865 Vis
339 799 378 864 in
396 799 539 884 populo
559 799 704 864 abesto.
735 798 809 864 Par
827 800 997 864 maiorve
1015 803 1199 883 potestas
1307 804 1308 813 ’

186 889 274 975 plus
302 888 442 953 valeto.
488 886 560 952 Ast
588 888 679 973 quid
705 888 949 967 turbassitur
971 888 1011 952 in
1034 888 1200 973 agendo,

185 976 293 1041 fraus
321 975 467 1041 actoris
496 978 589 1040 esto.
634 974 879 1041 Intercessor
905 975 962 1041 rei
989 976 1113 1041 malae
1137 999 1200 1042 sa-

186 1065 328 1130 lutaris
352 1063 449 1130 civis
473 1067 566 1129 esto.

253 1152 324 1230 Qui
356 1157 486 1237 agent,
522 1151 697 1236 auspicia
728 1157 926 1236 servanto,
959 1154 1097 1238 auguri
1129 1174 1244 1238 pu·1c

184 1241 289 1309 blico
307 1245 484 1327 parente,
502 1241 752 1327 promulgata
770 1241 975 1325 proposita
988 1242 1027 1306 in
1041 1244 1198 1308 aerario

186 1330 344 1417 cognita
381 1333 539 1417 agunto,
576 1352 644 1394 nec
680 1331 767 1414 plus
804 1352 915 1414 quam
947 1331 990 1395 de
1023 1331 1198 1417 singulis

185 1419 299 1484 rebus
319 1419 436 1484 semel
456 1418 701 1500 consulunto,
720 1440 797 1483 rem
816 1419 1000 1503 populum
1017 1418 1199 1504 docento,

186 1507 316 1573 doceri
340 1530 359 1572 a
381 1507 685 1592 magistratibus
708 1507 954 1591 privatisque
976 1507 1168 1592 patiunto.

251 1595 468 1681 Privilegia
506 1618 551 1660 ne
587 1595 810 1681 inrogant03
852 1595 894 1659 de
931 1596 1060 1679 capite
1097 1596 1197 1662 civis
1215 1618 1242 1656 1⁵

184 1684 262 1749 nisi
289 1707 355 1769 per
382 1685 584 1748 maximum
612 1684 855 1748 comitiatum
884 1684 1076 1767 cllosque,
1099 1707 1198 1769 quos

185 1795 365 1839 censores
394 1772 434 1837 in
461 1772 643 1858 partibus
670 1772 806 1857 populi
834 1772 1040 1854 locassint,
1069 1795 1114 1837 ne
1141 1773 1198 1837 fe·
1307 1776 1308 1783 ’

185 1865 309 1927 runto.

251 1950 399 2015 Donum
434 1971 480 2014 ne
511 1949 696 2033 capiunto
727 1971 821 2014 neve
854 1949 971 2014 danto
1002 1971 1097 2014 neve
1129 1973 1197 2034 pe-

185 2039 300 2105 tenda
316 2060 410 2104 neve
430 2039 596 2125 gerenda
614 2059 707 2102 neve
727 2042 838 2123 gesta
854 2041 1063 2122 potestate.
1087 2036 1196 2113 Quod
1213 2058 1240 2097 ro

186 2128 272 2212 quis
314 2149 441 2191 earum
477 2148 604 2190 rerum
640 2126 857 2211 migrassit,
897 2125 1035 2190 noxiae
1071 2148 1197 2210 poena

184 2238 253 2301 par
278 2218 370 2278 esto.

252 2301 439 2367 Censores
461 2300 578 2365 fidem
602 2301 730 2388 legum
752 2302 1019 2386 custodiunt03
1046 2303 1196 2387 privati

186 2390 231 2457 ad
263 2412 327 2455 eos
359 2393 447 2455 acta
475 2389 674 2455 referunto
704 2411 771 2456 nec
801 2412 843 2455 eo
874 2391 998 2476 magis
1029 2391 1118 2477 lege
1148 2391 1196 2456 li·

185 2479 268 2545 beri
291 2483 414 2544 sunto.
1211 2501 1238 2540 25

251 2567 318 2633 Lex
336 2568 473 2633 recitata
491 2571 550 2633 est.
577 2567 749 2633 Discedere
763 2571 797 2632 et
810 2567 967 2633 tabellam
981 2568 1099 2633 iubebo
1115 2568 1195 2633 dari.

136 2637 188 2762 sd
252 2657 287 2738 Q.
311 2655 414 2733 Quam
441 2657 546 2741 brevi,
572 2656 688 2742 frater,
714 2657 750 2721 in
772 2659 947 2741 conspectu
969 2657 1077 2740 posita
1100 2660 1151 2721 est
1174 2679 1196 2722 a

184 2751 218 2811 te
242 2745 386 2811 omnium
408 2745 662 2832 magistratuum
684 2745 861 2831 discriptio,
885 2744 941 2808 sed
962 2766 999 2808 ea
1017 2766 1120 2829 paene
1137 2767 1195 2810 no-

186 2839 273 2899 strae
305 2834 461 2919 civitatis,
494 2835 557 2899 etsi
586 2856 606 2898 a
634 2838 668 2898 te
695 2834 829 2919 paulum
856 2833 1003 2897 adlatum
1031 2836 1082 2898 est
1107 2833 1194 2898 novi.

184 2924 232 2988 M.
255 2922 462 3007 Rectissime,
490 2921 622 3006 Quinte,
649 2922 895 3006 animadvertis,
921 2920 1002 2986 haec
1025 2925 1075 2987 est
1098 2922 1195 3006 enim,
1209 2940 1237 2980 cc

185 3033 283 3095 quam
311 3007 418 3096 Scipio
447 3011 561 3076 laudat
589 3012 624 3075 in
652 3012 717 3076 illis
746 3010 840 3075 libris
868 3013 901 3074 et
928 3032 1026 3093 quam
1053 3011 1195 3075 maxime

184 3100 304 3184 probat
335 3100 605 3184 temperationem
637 3100 685 3164 rei
711 3098 873 3184 publicae,
906 3119 988 3182 quae
1016 3099 1101 3164 effici
1127 3120 1196 3164 non

184 3188 346 3272 potuisset
363 3188 428 3252 nisi
445 3188 507 3253 tali
525 3187 734 3272 discriptione
748 3187 1009 3273 magistratuum.
1027 3257 1029 3261 ,
1045 3185 1132 3252 Nam
1147 3187 1195 3252 sic

184 3277 349 3359 habetote,
371 3276 620 3363 magistratibus
642 3277 756 3359 iisque,
779 3275 835 3359 qui
857 3275 1013 3360 praesint,
1035 3276 1196 3341 contineri

184 3387 253 3429 rem
276 3363 450 3449 publicam,
473 3367 568 3430 etex
591 3386 703 3430 eorum
726 3364 957 3448 conpositione,
981 3363 1067 3449 quod
1090 3364 1194 3430 cuius·
1209 3381 1236 3422 ³⁵

185 3475 246 3536 que
269 3453 316 3517 rei
339 3453 488 3537 publicae
512 3474 613 3538 genus
637 3453 690 3537 sit,
712 3452 870 3537 intellegi.
911 3450 999 3526 Quae
1022 3475 1074 3516 res
1094 3475 1195 3537 quom

185 3541 424 3625 sapientissime
447 3541 768 3626 moderatissimeque
786 3540 966 3605 constituta
984 3545 1070 3605 esset
1088 3564 1108 3605 a
1126 3564 1195 3606 ma·
