2652 3920
167 186 234 253 200
520 185 570 242 nn
588 185 831 243 DIVINATIONE

169 333 261 418 sulit,
288 353 385 418 quem
407 331 449 398 ad
471 331 603 399 modum
626 330 672 397 ait
693 354 767 398 cnm
788 331 993 418 parentibus,
1020 354 1092 398 cum
1114 331 1181 398 fra-

167 421 284 506 tribus,
306 443 380 488 cum
404 420 517 487 amicis
540 420 736 486 vivendum?
759 442 855 505 quem
878 421 920 486 ad
938 420 1071 488 modum
1088 425 1182 489 uten-

169 508 245 576 dum
267 509 414 597 pecunia,
436 531 533 596 quem
556 508 598 575 ad
620 509 752 575 modum
774 508 906 594 honore,
929 530 1026 594 quem
1049 510 1091 576 ad
1113 532 1182 576 mo·

169 598 246 665 dnm
277 598 438 685 imperio?
476 598 529 664 Ad
561 597 725 683 sapientes
756 596 850 681 haec,
880 618 947 664 non
979 598 1020 663 ad
1052 597 1181 665 divinos

168 686 283 753 referri
301 688 417 754 solent.
455 684 563 764 Quid?
585 707 668 772 quae
686 708 707 753 a
724 686 902 752 dialecticis
920 688 978 752 aut
995 709 1017 753 a
1033 687 1181 774 physicis
1197 712 1212 753 a

169 779 367 860 tractantur,
392 797 473 842 num
499 773 578 860 quid
600 795 713 841 eornm
735 774 874 841 divinari
895 775 1028 861 potest?
1054 797 1182 842 unusne

170 863 308 931 mundns
330 864 376 931 sit
398 885 442 930 an
463 864 583 950 plures,
606 884 689 948 qnae
712 863 780 929 sint
801 861 896 929 initia
913 885 1031 949 rerum,
1054 885 1093 929 ax
1112 864 1183 950 qni-

169 954 232 1020 bns
255 955 434 1020 nascuntur
456 951 580 1018 omnia:
606 951 816 1038 physicorum
839 957 890 1018 est
911 951 977 1018 ista
998 953 1182 1038 prudentia
1306 978 1307 1043 g

169 1039 241 1118 Quo
267 1041 364 1109 modo
388 1044 498 1108 antem
521 1041 746 1126 mentientem,
774 1062 870 1126 quem
893 1037 1104 1125 ψευδόμενον
1126 1063 1182 1108 vo·
1306 1054 1307 1059 ’

170 1134 260 1216 cant,
290 1129 451 1198 dissolvas
480 1133 539 1196 aut
568 1150 664 1215 quam
693 1129 735 1195 ad
764 1129 897 1197 modum
923 1129 1019 1196 soriti
1044 1130 1181 1197 resistas
1197 1152 1224 1192 ro

170 1221 290 1306 (quam,
313 1217 343 1284 si
363 1239 494 1286 necessa
517 1217 571 1303 ait,
592 1216 711 1284 Latino
730 1217 830 1284 verbo
849 1218 946 1285 IIceat
965 1219 1182 1286 acervalem
1306 1276 1307 1279 ,

170 1309 350 1394 appellara;
373 1307 430 1374 aed
452 1306 535 1373 nihil
558 1328 640 1393 opus
663 1309 728 1392 aat3
749 1310 788 1372 nt
810 1307 896 1372 enim
914 1307 987 1393 ipsa
1005 1306 1182 1393 philoso·
1306 1322 1307 1381 1

170 1396 263 1482 phia
292 1400 326 1463 at
354 1397 461 1463 multa
488 1396 590 1462 rerba
612 1393 823 1478 Graecorum,
853 1394 900 1462 sic
926 1396 1071 1464 sorites
1099 1398 1181 1465 satis
1306 1414 1307 1451 1

169 1483 288 1552 Latino
312 1505 460 1554 sermone
482 1484 581 1550 tritus
605 1482 683 1572 est)=
709 1505 787 1571 ergo
810 1483 891 1551 baec
913 1506 1041 1570 quoqne
1063 1485 1182 1552 dialec-
1306 1490 1307 1499 ’

169 1574 228 1641 tici
250 1574 372 1659 dicent,
392 1595 459 1642 non
481 1572 591 1656 divini.
632 1570 737 1649 Quid?
759 1595 834 1639 cum
856 1573 1036 1659 quaeritur,
1059 1575 1115 1659 qui
1137 1576 1182 1640 ait
1196 1595 1222 1636 1a

170 1662 315 1750 optimus
341 1661 391 1728 rei
415 1661 566 1749 publicae
593 1665 714 1746 status,
746 1682 829 1747 quaa
856 1662 959 1748 leges,
992 1663 1048 1748 qni
1073 1684 1181 1729 moras
1306 1732 1307 1741 ,

171 1754 229 1819 aut
250 1752 349 1818 utiles
372 1755 430 1818 aut
451 1750 594 1834 inutiles,
616 1750 848 1836 haruspicesne
870 1772 909 1816 ex
926 1750 1062 1817 Etruria
1079 1773 1183 1818 arces·
1306 1750 1307 1775 ³

171 1844 293 1925 santur,
311 1861 355 1906 an
393 1838 534 1926 rincipes
548 1841 696 1905 statuent
709 1843 743 1904 et
756 1839 872 1907 delecti
885 1838 1060 1926 viriperiti
1073 1862 1182 1906 rerum
1306 1852 1307 1927 1

111 1942 153 1993 v12
171 1929 340 1997 civilium?
413 1927 484 1994 odsi
503 1949 563 1994 nec
577 1949 689 1993 aarum
702 1949 820 2013 rernm,
838 1949 921 2014 qnae
935 1927 1099 1995 subiectae
1112 1951 1182 1994 aen-

172 2018 263 2085 sibns
285 2019 372 2102 sunt,
391 2015 462 2083 ulla
481 2015 640 2082 divinatio
664 2018 715 2082 eat
733 2037 793 2083 nec
811 2037 932 2101 aarum,
955 2037 1038 2102 quae
1055 2018 1181 2084 artibus
1196 2037 1223 2078 sa

172 2105 387 2190 continentur,
399 2126 460 2172 nec
473 2127 594 2190 aarum,
608 2126 690 2189 quae
703 2104 739 2170 in
751 2104 962 2193 philosophia
971 2105 1182 2191 disseruntur,

171 2216 231 2261 nec
247 2215 368 2280 aarum,
386 2215 468 2280 qnae
481 2193 516 2259 in
529 2215 565 2259 ra
578 2193 710 2279 publica
724 2197 904 2279 versantur,
923 2215 1060 2280 quarum
1074 2217 1182 2261 rernm

172 2284 230 2369 ait,
256 2282 350 2350 nihils
367 2304 502 2370 prorsus
528 2282 700 2368 intelleg03
726 2304 804 2348 nam
831 2286 889 2348 aut
915 2283 1059 2349 omnium
1087 2283 1183 2350 debet

172 2393 253 2457 essa
275 2376 333 2438 ant
355 2371 466 2458 aliqua
488 2369 680 2437 cimeteria
702 2370 808 2436 danda
830 2374 893 2456 est,
916 2370 952 2436 in
973 2393 1038 2457 qna
1059 2373 1183 2439 versari

172 2459 287 2548 possit
324 2458 387 2527 Sed
404 2481 465 2526 nac
482 2458 627 2526 omnium
647 2458 803 2525 divinatio
822 2464 886 2544 est,
905 2463 943 2525 nt
961 2460 1046 2527 ratio
1064 2459 1182 2545 docuit,
1196 2479 1222 2520 aa

171 2571 232 2616 neo
253 2549 345 2617 locus
361 2570 421 2616 nec
439 2548 578 2614 materia
594 2546 767 2633 invenitur,
782 2548 835 2615 cui
848 2547 1080 2615 divinationem
1093 2571 1183 2636 prae·

132 2645 155 2710 5
172 2638 268 2706 ficere
281 2636 453 2725 possimus.
477 2637 561 2702 Vide
577 2636 689 2724 igitur,
706 2658 748 2702 ne
765 2637 858 2702 nulla
876 2636 921 2702 sit
934 2636 1100 2704 divinatio.
1122 2637 1185 2704 Est
1306 2654 1307 2663 ¹

173 2728 306 2814 qnidam
329 2724 471 2792 Graecus
498 2723 646 2812 vulgaris
671 2724 707 2790 in
731 2724 817 2792 hanc
838 2724 1035 2791 sententiam
1057 2747 1183 2792 versus:
1306 2772 1307 2813 ,

239 2814 341 2881 Bana
374 2812 442 2900 qui
471 2813 653 2898 coniciet,
683 2814 810 2880 vitem
840 2812 940 2881 bunc
971 2813 1183 2901 perhibebo

887 2903 1095 2988 dptnmum.

173 2992 263 3059 Num
285 2991 389 3078 igitur
411 2994 477 3076 ant,
501 3012 583 3076 qnae
606 2993 785 3078 tempestas
803 2990 987 3076 inpendent,
1009 2995 1102 3058 vates
1120 3013 1184 3058 me
1197 3011 1224 3052 ao
1306 2992 1307 2999 ’

173 3082 238 3147 lius
275 3080 412 3147 coniciet
444 3101 543 3166 quam
574 3080 775 3167 gubernator
807 3082 864 3145 aut
895 3079 1001 3146 morbi
1033 3084 1184 3146 naturam

175 3168 302 3237 acutius
325 3189 424 3254 qnam
442 3168 585 3235 medicus
604 3171 662 3235 aut
679 3168 759 3235 belli
778 3167 1094 3235 administrationem
1112 3192 1185 3256 pru-
1306 3166 1307 3187 ¹

175 3257 304 3324 dontius
327 3278 426 3342 qnam
447 3257 616 3345 inperator
638 3256 825 3324 coniectura
847 3255 1065 3342 adsequetur?
1306 3324 1307 3329 ,

125 3359 157 3410 ra
242 3342 306 3411 Sed
333 3345 561 3432 animadverti,
587 3344 720 3430 Quinte,
747 3349 780 3410 te
808 3348 902 3411 caute
929 3349 963 3411 et
985 3345 1026 3411 ab
1049 3344 1091 3412 iis
1113 3368 1185 3414 con·
1306 3374 1307 3407 1

175 3432 322 3517 iacturis,
352 3455 434 3519 quaa
460 3435 620 3502 haberent
647 3437 752 3500 artem
780 3437 878 3518 atque
905 3432 1124 3519 prudentiam,
1153 3439 1185 3500 et
1198 3452 1224 3494 aa

177 3520 219 3588 ab
237 3520 279 3586 iis
296 3522 403 3609 rebus,
425 3545 509 3610 quae
527 3523 675 3590 semibus
695 3525 753 3588 aut
771 3520 917 3588 artificiis
934 3522 1185 3608 perciperentur,
