2652 3908
359 218 427 272 ΜΒ.
446 218 493 275 111.
518 218 594 273 cAP.
615 225 727 274 rs-aa.
746 225 762 285 s
780 225 894 273 ‹ra-ss.
1068 219 1132 283 125

125 363 236 429 Pontis
260 362 429 428 delubrum
447 361 539 428 Maso
563 384 602 428 ex
621 359 755 429 Corsica
778 362 947 448 dedicavit,
970 366 1003 428 et
1025 362 1060 427 in
1078 385 1132 429 au·

124 450 1131 624 sltlut‘tlllltllltttllllllhbtlttrb

125 650 204 694 mus.
249 590 340 714 Ergo
366 627 428 693 hoo
456 630 512 692 aut
541 628 576 691 in
603 627 785 693 inmensum
815 631 937 713 serpet,
965 633 1022 693 aut
1048 627 1131 693 nihil

96 720 240 783 thorum
263 715 454 801 recipiemus
486 737 545 781 nec
562 716 621 781 illa
639 716 768 781 infinita
785 716 870 781 ratio
890 716 1131 801 superstitionis

126 805 326 891 probabitur.
370 766 464 869 Nihil
486 825 564 890 ergo
588 804 704 870 horum
728 805 931 889 probandum
954 809 1013 870 est.
1143 858 1163 920 2

190 894 344 960 Dicamus
366 893 478 978 igitur,
500 891 613 976 Balbe,
636 897 766 978 oportet
789 897 902 959 eontra
924 893 1001 959 illos
1023 893 1132 977 etiam,
1151 859 1183 983 δὲ

125 982 179 1067 qui
205 981 268 1047 hos
295 982 372 1047 deos
396 1002 435 1046 ex
457 981 625 1047 hominum
650 1002 766 1067 genere
788 982 823 1046 in
845 981 971 1047 caelum
994 982 1133 1047 transla-

124 1078 176 1136 tos
205 1092 272 1136 non
299 1090 348 1153 re,
376 1069 431 1135 sed
459 1070 611 1155 opinione
638 1091 709 1135 esse
737 1070 861 1154 dicunt,
889 1092 970 1155 quos
994 1075 1132 1157 auguste

87 1182 110 1218 ro
126 1181 236 1224 omnes
258 1161 434 1243 sancteque
456 1179 656 1224 veneramur.
691 1157 854 1244 Principio
873 1157 967 1225 Ioves
991 1163 1058 1223 tres
1076 1181 1133 1223 nu·

125 1250 252 1313 merant
270 1246 303 1330 ii,
325 1246 381 1330 qui
399 1245 547 1332 theologi
564 1247 783 1330 nominantur,
801 1269 841 1312 ex
860 1248 977 1332 quibus
991 1248 1133 1333 primum

125 1341 158 1400 et
181 1334 356 1402 secundum
378 1338 473 1401 natos
491 1335 527 1398 in
544 1334 693 1419 Arcadia,
716 1335 855 1400 alterum
873 1339 967 1421 patre
981 1334 1133 1420 Aethere,

124 1447 163 1489 ex
186 1445 250 1509 quo
274 1423 373 1488 etiam
396 1422 625 1509 Proserpinam
646 1426 760 1489 natam
781 1423 892 1489 ferunt
914 1427 948 1489 et
970 1423 1133 1507 Liberum,

125 1515 263 1578 alterum
290 1515 384 1597 patre
408 1509 520 1595 Caelo,
548 1512 604 1596 qui
632 1512 781 1598 genuisse
803 1511 984 1577 Minervam
1008 1512 1133 1595 dicitur,

87 1622 110 1658 ιε’
126 1623 223 1686 quam
250 1600 354 1687 princi
378 1621 430 1665 em
457 1604 491 1665 et
513 1600 725 1665 inventricem
747 1600 827 1665 belli
848 1600 972 1685 fenmt‚
999 1601 1133 1665 tertium

125 1690 328 1772 Cretensem,
351 1623 483 1753 dammi
505 1688 623 1773 filium,
646 1689 736 1755 cuius
758 1688 794 1753 in
816 1688 876 1753 illa
898 1688 1006 1754 insula
1028 1689 1133 1774 sepul·

124 1800 213 1844 crum
238 1776 427 1843 ostenditur.
464 1773 670 1859 Διόσκουροι
693 1777 793 1842 etiarn
816 1777 903 1862 apud
917 1776 1034 1843 Graios
1053 1777 1133 1842 mul·

125 1868 168 1931 tis
200 1866 303 1931 modis
333 1865 551 1931 nominantur.
600 1865 703 1930 Primi
729 1870 810 1950 tres,
843 1866 898 1950 qui
926 1866 1134 1951 appellantur

126 1957 251 2020 Anaces
274 1952 424 2038 Athenis,
446 1975 485 2018 ex
507 1974 584 2039 rege
602 1952 679 2020 Iove
703 1953 929 2039 antiquissimo
954 1957 987 2019 et
1004 1953 1134 2020 Proser·

87 2064 112 2100 ro
127 2044 204 2128 pina
226 2042 310 2126 nati,
337 2042 577 2128 Tritopatreus,
599 2042 780 2127 Eubuleus,
802 2041 981 2127 Dionysus,
1004 2043 1134 2109 secundi
1239 2114 1241 2117 ,

125 2133 202 2198 Iove
224 2131 324 2196 tertio
346 2131 417 2196 nati
440 2135 473 2196 et
494 2130 595 2215 Leda,
622 2129 741 2197 Castor
764 2135 797 2196 et
818 2130 951 2215 Pollux,
972 2131 1064 2196 tertii
1087 2131 1134 2195 di-

125 2224 242 2287 cuntur
273 2243 293 2285 a
324 2240 391 2285 non
420 2219 521 2284 nullis
549 2219 632 2286 Alco
660 2222 693 2284 et
720 2219 902 2305 Melampus
930 2223 964 2285 et
991 2218 1134 2302 Tmolus,

126 2309 219 2374 Atrei
240 2308 311 2391 filii,
333 2306 390 2393 qui
411 2306 532 2393 Pelope
554 2312 652 2374 natus
674 2307 746 2373 fuit.
781 2307 853 2373 Iam
875 2308 988 2374 Musae
1009 2306 1134 2394 primae
1154 2320 1186 2370 54

126 2402 283 2481 quattuor
304 2394 382 2462 Iove
406 2396 510 2462 altero
531 2399 642 2480 natae,
665 2395 854 2479 Thelxinot,
876 2394 995 2480 Aoede,
1018 2394 1135 2480 Arche,

86 2505 111 2544 rs
126 2486 253 2568 Melete,
275 2483 432 2550 secundae
450 2484 527 2550 Iove
550 2484 649 2551 tertio
668 2489 701 2549 et
718 2484 928 2569 Mnemosyne
945 2488 1135 2570 procreatae

126 2595 253 2656 novem,
275 2573 392 2638 tertiae
415 2571 508 2637 Piero
531 2577 629 2639 natae
651 2576 685 2638 et
708 2573 861 2658 Antiopa,
884 2594 965 2658 quas
988 2572 1133 2637 Pieridas
1266 2576 1271 2579 “

127 2666 160 2726 et
182 2659 306 2726 Pierias
335 2661 442 2727 solent
468 2665 585 2746 pottae
613 2661 792 2746 appellare,
818 2661 922 2727 isdem
948 2661 1134 2727 nominibus

128 2754 162 2815 et
185 2747 297 2814 eodem
319 2770 463 2833 numero,
486 2769 550 2833 quo
573 2750 739 2835 proximae
762 2749 953 2836 superiores.
990 2747 1135 2833 Cumque

127 2842 165 2902 tu
196 2834 319 2921 Solem,
352 2836 429 2921 quia
457 2837 547 2902 solus
579 2842 678 2923 esset,
710 2839 911 2924 appellatum
939 2858 1010 2903 esse
1037 2837 1135 2922 dieas,

88 2924 220 2992 osnes
243 2924 307 3010 ipsi
330 2946 427 3009 quam
450 2925 547 2990 multi
569 2947 589 2991 a
607 2926 772 3013 theologis
790 2926 1011 3012 proferuntur!
1042 2924 1135 2992 Unus

128 3037 240 3080 eorum
266 3013 343 3079 Iove
369 3017 479 3095 natus,
506 3034 607 3099 nepos
634 3014 801 3098 Aetheris,
828 3015 913 3080 alter
941 3013 1135 3099 Hyperione,

128 3103 244 3168 tertius
267 3101 427 3187 Volcano,
451 3101 520 3167 Nili
542 3102 625 3187 filio,
652 3103 742 3169 cuins
765 3103 879 3169 urbem
902 3102 1059 3189 Aegyptii
1081 3125 1135 3169 vo

128 3193 199 3257 lunt
222 3212 292 3256 esse
315 3209 396 3274 eam,
420 3212 502 3276 quae
519 3189 703 3277 Heliopolis
726 3192 921 3277 appellatur,
944 3195 1080 3276 quartus
1098 3191 1136 3275 is,

127 3302 222 3363 quem
254 3279 392 3345 heroicis
424 3280 626 3366 temporibus
654 3280 805 3346 Acantho
833 3280 954 3357 Rhodi¹
971 3280 1136 3365 peperisse

86 3383 112 3425 rr
126 3366 258 3444 dieitur,
278 3419 285 3432 .
306 3418 313 3432 .
332 3419 338 3431 .
360 3366 471 3453 Ialysi,
494 3366 625 3453 Camiri,
648 3368 751 3454 Lindi,
774 3368 890 3453 Rhodi,
914 3368 1055 3454 quintus,
1079 3368 1154 3464 qui,

128 3456 257 3522 Colchis
284 3455 388 3521 fertur
411 3456 546 3523 Aeetam
574 3460 608 3523 et
630 3455 758 3524 Circam
783 3456 1013 3542 procreavisse.
1058 3434 1188 3560 Vol-25?5

128 3543 199 3609 cani
221 3544 300 3609 item
323 3545 519 3630 complures,
542 3546 666 3632 primus
689 3544 789 3613 Caelo
811 3548 922 3628 natus,
951 3566 990 3610 ex
1014 3564 1078 3626 qno
1101 3547 1136 3607 et
